1828 2830
319 58 76 40 Meine
417 56 135 40 Apparate
569 55 51 39 ino
628 55 66 39 lant
712 54 169 40 Eintragung
889 53 32 39 in
938 53 51 39 das
1026 53 184 39 Muſterregiſter
1227 54 115 39 geſehlich
1355 55 125 40 geschüht.

536 133 146 129 ilfr

681 119 173 110 vegen
915 119 161 106 Gidht

56 464 71 22 Gromberg
148 464 23 21 bei
194 464 78 21 Sauchheim

89 482 99 22 Württemberg.

77 501 60 22 Geehrter
155 500 30 21 Herr
203 499 45 21 Adolph

59 520 55 22 Winter!
129 520 17 21 Da
156 519 36 21 Shre
204 519 36 21 Gicht-

48 540 52 21 žetten,
106 540 23 21 die
144 540 22 21 Sie
179 539 25 21 mir
213 539 24 21 am

51 559 25 21 27.
88 558 14 21 V.
126 558 17 21 M.
155 558 75 21 zugefandt

51 577 50 22 haben,
100 577 31 21 ſehr
135 577 31 21 gute
176 577 51 21 Dienſte

51 596 59 23 geleiftet
122 595 27 21 und
162 595 17 20 es
193 595 31 21 Tag

48 615 25 22 Für
83 614 28 21 Tag
115 614 25 21 den
152 613 71 21 Perſonen,

48 634 25 21 die
88 633 33 21 Shre
135 632 43 21 Retten
188 632 34 21 tra-

51 653 33 21 gen,
88 652 41 21 beffer
134 651 39 21 geht,
174 651 17 21 ſo
195 650 25 21 bin

48 672 22 22 ich
80 670 46 22 wieder
136 670 88 21 beaustragt,

50 690 10 21 6
75 690 39 21 Stüd
123 689 25 21 auf
161 687 63 23 Postvor-

47 709 40 22 ſhjus
94 707 54 22 ſchicten
152 707 21 22 zu
174 706 53 22 lafen.

71 727 42 21 Vnter
125 727 26 21 den
164 725 67 23 geheilten

56 746 64 22 Perſonen
138 745 61 22 befindet
212 744 27 22 ſich

48 766 31 21 eine
86 766 45 22 Frau,
135 765 23 21 die
163 765 26 22 litt
193 763 50 22 täglich

51 787 17 21 an
83 784 81 22 Krämpfen,
171 784 15 21 ſo
197 783 25 21 daß
232 782 24 21 ſie

48 805 55 21 krumnt
114 803 78 22 zujammen
207 801 57 22 gezogen

56 824 49 21 wurde.
124 823 30 21 Seit
164 822 30 21 dem
209 821 35 21 Lage
251 821 29 21 daß

47 843 22 20 ſie
76 843 25 20 die
113 843 38 21 Rette
158 842 46 21 trägt,
213 842 24 21 hat
244 841 22 21 sie
273 841 18 21 die

55 862 64 20 Krämpfe
126 862 38 21 nicht
170 861 53 21 einmal
236 859 45 21 wieder
291 859 18 21 be-

48 881 69 22 kommen.
151 880 59 21 Diejelbe
227 879 33 21 läßt
280 879 52 21 Shnen,

56 900 29 20 Herr
102 900 52 20 Winter,
161 899 52 20 bestens
223 898 50 21 danken
282 898 27 20 und
315 897 37 21 ſagt,

49 917 25 21 der
75 917 38 21 liebe
125 918 30 20 Gott
162 918 58 20 vergelte
224 917 17 20 es
248 917 53 21 Ihnen.
321 915 57 21 Mebrere

52 936 45 22 Retten
107 934 55 23 ſpäter.

224 934 126 23 Hochachtungsvoll

168 955 58 21 Johann
241 954 55 21 Pfiter,
312 953 117 22 Gemeinde-Rath.

794 716 43 28 Gicht
839 697 158 41 Apparaten-Fabrik
1006 693 34 27 von
1046 676 141 40 AdolphWinter.

1513 457 47 21 Mörtiz
1569 457 23 21 bei
1604 457 79 22 Filenburg,
1698 460 25 22 Pr.

1549 475 61 20 Sachſen.

1560 492 33 21 Sehr
1610 493 60 22 gechrter
1690 495 30 21 Herr

1543 512 51 21 Winter!
1610 513 25 21 Lus
1641 513 46 21 meiner
1697 513 26 21 Be-

1538 530 85 21 kanntschaft
1638 531 44 22 wurde
1692 532 28 21 von

1545 549 43 22 einem
1604 549 40 22 Bater
1651 550 23 22 die
1687 550 34 22 Bitte

1552 567 18 21 an
1585 567 29 21 mich
1620 568 69 22 gerichtet,
1694 569 30 22 für

1550 586 37 22 ſeine
1599 587 72 21 14jäbrige
1681 586 43 22 Toch-

1553 605 29 22 ter,
1586 605 43 22 welche
1629 605 60 22 längere
1691 605 32 22 Zeit

1552 624 21 22 an
1594 624 65 22 Gpilepſie
1675 624 49 22 leidet,

1552 642 31 22 eine
1596 643 69 21 Gichtkette
1670 643 20 21 zu
1697 642 26 21 be-

1550 659 57 24 forgen.
1625 662 21 22 Sch
1650 662 35 22 thue
1692 662 30 22 dies

1546 680 28 21 ſum
1579 680 14 21 ſo
1598 681 52 21 lieber,
1654 681 17 21 da
1681 681 42 21 meine

1546 700 46 21 eigene
1612 700 54 20 Tochter
1681 700 41 21 durch

1547 717 26 21 Sie
1582 718 93 23 hochgeehrter
1686 720 39 21 Herr,

1538 737 56 21 Heilung
1609 738 67 21 gefunden
1691 739 34 20 hat.

1531 756 58 20 Diejelbe
1604 756 27 20 litt
1649 756 35 20 auch
1703 757 19 20 an

1521 775 81 21 Krämpfen,
1609 774 44 21 welche
1659 774 22 21 der
1691 774 33 21 Epi-

1509 794 36 21 lepſte
1557 794 33 21 jehr
1597 794 54 21 ähnlich
1664 794 17 21 zu
1691 794 30 21 jein

1498 813 58 21 chienen,
1564 813 32 20 aber
1603 813 56 21 ſeitdem
1665 814 56 21 dieselbe

1474 832 30 21 eine
1527 832 68 21 Gichtkette
1608 832 46 21 trägt,
1664 832 28 21 hat
1702 832 22 21 ſie

1457 850 35 21 dieje
1507 850 62 21 Krämpfe
1581 851 36 21 nicht
1626 851 25 21 ein
1661 851 62 20 einziges

1457 868 17 21 al
1484 869 48 21 wieder
1538 869 85 21 bekommen,
1630 870 59 20 befindet
1695 870 27 20 ſich

1416 888 33 21 auch
1459 888 41 21 jonſt
1509 889 28 21 viel
1552 889 54 21 wohler.
1637 890 44 21 Wollen
1698 890 25 21 Sie

1396 906 22 21 für
1433 907 22 21 die
1470 907 77 21 gewordene
1565 908 38 21 Hülfe
1620 908 46 21 meinen
1686 908 39 21 herz-

1365 926 53 21 lichſten
1436 927 35 21 Dank
1483 927 74 21 annehmen
1569 928 27 20 und
1605 928 40 20 gegen
1662 927 65 21 Poſtvor-

1337 945 35 20 chuß
1381 945 32 20 eine
1431 945 68 21 Gichtkette
1511 946 61 21 baldigſt
1581 947 71 21 zusenden.
1672 948 16 20 In
1698 948 27 20 der

1304 965 66 20 Hoffming
1382 965 61 20 baldiger
1452 965 76 20 Zufendung
1540 965 63 20 verharre
1608 965 22 20 ich
1642 965 24 20 mit
1673 965 50 20 ausge-

1274 985 75 21 zeichneter
1361 984 90 21 Hochachtung
1466 984 27 20 Shr
1501 984 77 21 dantbarer
1595 984 35 21 ganz
1640 985 86 21 ergebenjter

1499 1002 18 22 I.
1533 1002 18 22 W.
1564 1002 71 22 Schröter,
1648 1003 59 22 Gantor.

152 991 75 21 Oderlubbe
234 991 17 21 b.
264 991 88 22 Rotenufeln,
362 991 25 21 Pr.
405 989 83 22 Weſtphalen.

94 1009 33 21 Sehr
139 1009 62 21 gechrter
216 1010 33 21 Herr
271 1010 54 21 Winter!
346 1010 22 21 Sch
385 1009 27 21 mus
430 1009 22 21 Sie
465 1009 20 21 um

47 1028 24 20 die
78 1028 50 20 direkte
141 1028 63 20 Sendung
216 1028 27 20 von
253 1028 9 20 8
276 1028 32 20 Std.
320 1028 110 20 Gichtapparaten
440 1028 49 20 bitten.

55 1046 88 21 Sämmtliche
152 1046 69 21 erhaltene
237 1046 46 21 Retten
295 1046 43 21 haben
347 1046 25 21 den
384 1046 69 21 Leidenden
466 1047 23 21 ge-

49 1064 52 21 holfen.
119 1065 40 20 Leute
170 1065 27 20 aus
209 1065 55 20 unjerer
276 1065 73 20 Umgegend
358 1065 60 20 kommen
428 1065 29 20 und
466 1065 21 20 er-

47 1083 64 20 lundigen
123 1083 26 20 ſich
164 1083 21 20 bei
199 1083 24 20 mir
233 1083 57 20 danach,
301 1084 16 20 da
334 1084 29 20 mein
382 1084 44 20 Sohn,
436 1085 24 20 der
469 1085 19 20 an

47 1101 64 20 ſchweren
128 1101 70 20 Krämpfen
210 1101 31 20 litt,
248 1101 42 20 durch
304 1102 31 20 Shre
349 1102 39 20 Hülfe
403 1102 47 20 gejund
461 1102 24 20 ge-

186 1119 129 21 Hochachtungsvoll

53 1119 51 21 worden
111 1119 28 20 iſt.

365 1121 18 22 §.
399 1119 74 24 Reuhaus.

515 1016 46 81 ut

687 1043 225 95 Seven

1016 1033 139 96 oſg

163 1193 54 24 Meinen
230 1191 115 24 langjährigen
368 1190 109 24 Grjahrungen
491 1189 19 23 in
526 1189 30 23 den
584 1188 174 24 Militair-Mazarethen,
769 1188 48 23 jowie
836 1187 54 23 meiner
906 1187 83 23 Lhätigkeit
1003 1187 19 23 in
1038 1187 30 23 den
1085 1188 54 23 beiden
1152 1188 54 23 lezten
1225 1188 86 23 Feldzügen
1327 1189 77 24 verdanke
1415 1190 27 23 ich
1456 1190 25 23 die
1500 1190 89 24 Erfindung
1611 1192 54 24 meiner
1681 1193 48 24 neuen

44 1215 147 26 Gichtableitungs=
199 1214 85 25 Upparate.
315 1212 76 24 Diejelben
410 1212 58 24 werden
484 1211 64 24 überall
559 1211 28 23 als
600 1210 25 23 ein
648 1210 78 24 wirkliches
749 1209 60 23 Sunder
823 1209 102 23 angestaunt.
954 1209 25 23 Die
999 1209 58 23 meiſten
1076 1209 99 24 Krankheiten
1192 1210 73 24 kommen
1281 1211 96 24 bekanntlich
1388 1211 34 24 ans
1433 1212 34 24 dem
1495 1213 67 24 Magen;
1572 1214 49 24 durch
1641 1215 91 25 Erfältuns

35 1240 49 24 leidet
98 1239 70 24 derjelbe
181 1238 34 24 und
229 1238 19 24 so
262 1237 76 24 entſtehen
354 1237 25 24 die
393 1235 108 24 sogenannten
518 1235 52 24 Flüsse
583 1235 31 24 und
625 1234 120 24 schmerzhaften
759 1234 67 24 Seiden,
840 1234 25 23 wie
884 1233 40 23 Gicht
941 1233 31 23 und
994 1233 141 23 Rheumatismus,
1152 1233 135 24 Ropfſchmerzen,
1301 1234 141 24 Zahujchmerzen,
1462 1235 141 24 Mervenſchwäche,
1614 1236 117 24 rheumatijche

48 1261 167 26 Augenentzündung,
229 1259 191 26 Sämorrhoidalleiden,
434 1258 80 24 Flechten,
534 1257 149 25 Schwerhörigkeit,
706 1256 128 24 Magenkrampf,
851 1256 77 24 Epilepſie
939 1256 34 24 und
987 1256 83 24 trämpfe.
1093 1256 34 24 Daß
1141 1256 46 24 gegen
1202 1256 40 24 dieje
1253 1256 53 24 Leiden
1319 1256 25 24 oft
1356 1256 44 24 keine
1410 1257 71 24 ärztliche
1492 1257 47 24 Hülfe
1555 1257 62 24 möglich
1624 1258 32 24 iſt,
1664 1258 68 24 brauche

35 1286 25 23 ich
77 1286 39 24 wohl
126 1285 42 24 nicht
179 1284 30 23 erſt
218 1284 22 23 zu
250 1283 57 24 sagen.
335 1283 30 23 Der
382 1282 71 24 Apparat
464 1281 39 23 kann
514 1281 19 23 in
546 1281 27 23 der
590 1280 63 23 Familie
667 1280 30 23 von
711 1280 110 23 verschiedenen
843 1279 75 23 Perſonen
931 1279 72 23 getragen
1022 1279 66 23 werden;
1098 1279 31 23 von
1139 1279 60 23 ſchwer
1213 1279 86 23 Beidenden
1307 1280 25 23 iſt
1339 1280 19 23 er
1368 1280 54 23 jedoch
1433 1280 48 23 allein
1492 1280 19 23 zu
1524 1281 104 24 gebrauchen.

163 1306 33 23 Mein
215 1305 70 23 Apparat
299 1305 39 23 heilt
345 1304 85 23 innerliche
446 1304 27 23 wie
484 1304 88 23 äußerliche
585 1303 111 23 Krankheiten:
704 1303 59 23 jolche,
771 1303 27 23 die
808 1303 27 23 bis
846 1303 33 23 jezt
892 1302 82 23 unheilbar
993 1302 56 23 waren,
1063 1302 56 23 werden
1135 1302 47 23 unter
1199 1302 56 23 meiner
1271 1301 73 23 Garantie
1355 1301 47 23 durch
1422 1301 53 23 meinen
1494 1301 71 23 Apparat
1575 1301 65 23 geheilt.
1671 1301 59 23 Magen=

36 1332 61 23 leiden,
108 1332 44 23 deren
173 1331 55 23 Namen
244 1330 83 23 unzählige
335 1329 44 23 ſind,
398 1328 138 23 Nervenſchwäche,
548 1327 149 23 Unterleibsleiden,
708 1327 32 22 alte
750 1326 112 23 rheumatiſche
887 1326 61 22 Wunden
966 1326 55 22 werden
1035 1325 86 22 zusehends
1134 1325 47 22 durch
1200 1325 55 22 meinen
1271 1325 69 22 Ipparat
1353 1326 64 22 geheilt,
1427 1326 18 22 da
1458 1326 27 22 die
1498 1326 64 22 größten
1583 1326 87 23 Schmerzen
1683 1327 44 22 schon

39 1356 40 25 beim
96 1353 67 26 Inlegen
177 1352 29 24 des
221 1349 89 25 Apparates
323 1348 123 25 verſchwinden.

156 1375 33 23 Das
205 1374 39 23 Blut
260 1374 36 23 wird
309 1373 44 23 durch
367 1372 38 23 diese
416 1371 88 23 elektriſche
520 1371 79 23 Heilkraft
606 1370 21 23 in
635 1370 145 23 immerwährende
794 1369 96 23 Circulation
903 1369 79 23 gebracht;
993 1369 30 23 das
1033 1369 39 23 alte,
1079 1369 88 23 theilweije
1177 1369 91 23 geronnene
1284 1369 44 23 Blut,
1345 1369 59 23 welches
1414 1369 30 23 ſich
1457 1369 21 23 an
1492 1370 27 23 den
1535 1370 56 23 Nerven
1604 1370 42 23 reſp.
1656 1371 71 23 Rnochen

36 1402 75 24 angejezt
122 1400 35 23 hat,
173 1399 35 23 wird
221 1398 46 23 durch
280 1396 38 23 dieje
334 1394 95 24 Circulation
442 1394 18 22 in
476 1392 78 23 gejundes
576 1391 38 23 Blut
624 1390 106 23 verwandelt,
743 1390 29 22 das
788 1389 38 22 Blut
834 1389 66 23 sondert
910 1389 30 22 ſich
953 1388 30 22 von
998 1388 27 22 der
1044 1388 52 22 Gaíle:
1109 1388 35 22 Sies
1151 1388 35 22 fino
1205 1389 52 22 Nebel,
1270 1389 24 22 die
1307 1389 24 22 bis
1344 1389 47 23 heute
1401 1390 36 23 kein
1455 1390 33 23 Arzt
1497 1391 47 23 ficher
1560 1392 50 23 heilen
1622 1392 67 23 konnte;
1702 1394 27 23 die

37 1425 84 26 römijchen
132 1423 49 24 sowie
191 1421 81 25 ruſftſchen
291 1419 51 24 Bäder
353 1417 66 25 konnten
430 1417 19 23 in
460 1416 36 24 sehr
513 1414 66 24 wenigen
596 1413 51 24 Fällen
661 1413 28 23 den
705 1412 84 24 Veidenden
808 1411 43 23 Hülje
864 1411 81 24 gewähren
965 1410 37 23 jezt
1009 1410 22 23 iſt
1041 1410 40 23 auch
1092 1410 60 23 diejcs,
1154 1410 31 23 pon
1204 1410 25 23 mir
1242 1411 49 23 gelöſt
1301 1411 31 23 und
1351 1411 58 24 werden
1431 1412 73 24 Millionen
1520 1413 76 24 Beidende
1602 1414 46 24 threr
1659 1415 67 24 ficheren

43 1448 94 27 Gejundheit
144 1445 78 28 entgegen
233 1442 61 27 gehen.

162 1473 50 25 Durch
229 1471 66 26 mehrere
315 1469 72 26 Berſuche
395 1468 23 24 ist
426 1467 20 24 es
462 1467 26 24 mir
502 1465 87 25 gelungen,
604 1464 62 25 meinem
683 1463 75 25 Apparat
769 1463 38 24 noch
818 1462 35 24 eine
864 1462 69 24 größere
950 1462 75 24 Heilkraft
1042 1461 26 24 wie
1070 1461 53 24 zuvor
1134 1462 112 24 beizubringen
1260 1462 32 24 und
1306 1462 41 24 habe
1364 1463 23 24 ich
1407 1463 84 25 denselben
1502 1464 35 24 jezt
1552 1465 29 24 mit
1588 1465 54 25 einem
1653 1466 91 26 kupfernen

50 1501 47 25 Reffel
108 1498 86 26 versehen;
202 1495 68 26 obgleich
290 1494 26 24 mir
326 1493 44 25 zwar
381 1491 71 25 dadurch
466 1489 68 25 arößere
548 1488 74 25 Unkoſten
633 1487 95 25 erwachjen,
742 1486 47 24 werde
796 1486 25 24 ich
833 1485 83 24 denſelben
924 1485 56 24 jedoch
997 1485 26 24 wie
1030 1485 59 24 früher
1103 1485 26 24 bei
1142 1485 89 24 Entnahme
1245 1485 32 24 von
1288 1486 50 24 einem
1357 1486 26 24 mit
1394 1487 11 24 6
1424 1487 41 24 Gld.,
1482 1488 11 24 2
1512 1489 47 25 Stük
1569 1490 23 24 10
1612 1490 44 25 Sld.,
1672 1492 72 25 dagegen

44 1525 26 25 bei
84 1522 81 27 Abnahme
176 1521 32 25 von
219 1520 11 24 5
249 1518 44 25 Stüď
304 1516 75 26 diejelben
390 1515 23 24 zu
424 1515 23 24 15
467 1513 44 25 Gld.,
519 1512 81 25 abgeben.
626 1510 68 25 Bemerke
708 1510 44 24 noch,
763 1510 32 24 daß
806 1509 26 24 bei
849 1509 142 24 Schwerleidenden
1005 1509 11 24 2
1035 1509 81 24 Apparate
1124 1509 20 24 zu
1155 1509 60 24 tragen
1225 1510 44 24 ſind,
1280 1510 29 24 der
1320 1511 35 24 eine
1365 1511 29 24 bei
1408 1512 51 25 Zage,
1466 1513 29 24 der
1506 1513 60 25 andere
1576 1515 26 24 bei
1619 1516 54 25 Nacht.

159 1546 47 26 Ieder
223 1543 68 27 Apparat
302 1541 23 25 ist
339 1540 26 25 mit
376 1538 50 25 einem
446 1534 160 27 Schugmarkstempel
616 1533 83 25 versehen.

156 1566 84 26 Beidende,
248 1565 29 25 die
285 1564 47 25 durch
343 1562 53 25 diejen
413 1561 77 25 wichtigen
507 1559 71 25 Apparat
587 1558 38 24 ihre
641 1557 93 25 Gejundheit
748 1556 56 24 wieder
815 1556 71 24 erhalten
900 1556 59 24 haben,
971 1556 78 24 brauchen
1059 1556 84 24 denſelben
1157 1556 41 24 micht
1214 1556 38 24 mehr
1263 1557 20 24 3u
1297 1557 69 25 tragen,
1373 1558 23 24 im
1422 1558 54 25 Winter
1483 1559 26 24 iſt
1516 1560 20 24 er
1544 1560 57 25 jedoch
1611 1562 26 24 am
1653 1563 42 25 Zage
1705 1564 40 25 um=

38 1596 97 28 zuhängen,
143 1595 20 25 da
173 1592 69 27 dadurch
253 1591 26 25 die
290 1589 50 26 kalten
357 1587 44 25 Füße
413 1584 87 26 vermieden
517 1583 65 25 werden.
618 1581 32 25 Das
676 1579 112 26 Beschwerliche
805 1579 41 24 beim
869 1578 60 24 Tragen
943 1578 26 24 des
992 1578 84 24 Apparats
1093 1578 38 24 fällt
1142 1578 35 24 hier
1197 1579 42 24 ganz
1259 1579 39 24 weg.
1335 1580 29 24 Für
1384 1581 103 26 Denjenigen,
1498 1583 30 25 der
1544 1584 57 25 meinen
1617 1585 76 26 Apparat
1703 1588 42 25 noch

41 1621 44 26 nicht
96 1617 84 27 gebraucht
197 1615 38 25 hat,
249 1614 38 25 gebe
295 1613 26 25 ich
334 1611 38 25 eine
380 1610 47 25 kurze
444 1607 117 27 Beschreibung.
603 1605 68 25 Derſelbe
679 1604 22 24 iſt
719 1604 25 24 wie
755 1603 35 24 eine
807 1603 38 24 Uhr,
856 1602 23 24 die
893 1602 111 24 fortwährend
1012 1602 23 24 in
1051 1602 90 24 Bewegung
1149 1602 35 24 iſt;
1201 1603 29 24 der
1246 1603 108 25 Ipparat-ift
1362 1604 45 25 nicht
1414 1605 20 24 in
1457 1606 93 26 Chátigkeit,
1570 1609 45 25 wenn
1625 1610 20 24 er
1661 1611 42 25 nicht
1713 1612 11 24 a

45 1644 60 26 Rörper
116 1640 78 27 angelegt
207 1638 44 25 wird,
259 1636 44 25 dann
314 1633 96 27 entſtrömen
424 1630 87 26 demjelben
521 1630 26 24 die
561 1628 59 25 Flüsse,
631 1628 22 24 die
665 1627 19 24 er
695 1627 32 24 von
741 1626 35 24 dem
790 1625 62 24 Rörper
860 1625 99 24 empfangen
972 1625 35 24 hat.
1049 1625 41 24 Beim
1113 1625 69 24 Inlegen
1198 1626 38 24 wird
1247 1626 35 24 das
1308 1627 38 24 Blut
1353 1628 20 24 in
1390 1628 90 26 Bewegung
1500 1631 84 26 gebracht:
1612 1633 84 26 Blutarme
1710 1636 33 25 und

52 1665 134 30 Magenleidende,
193 1663 26 25 die
230 1662 26 25 an
273 1659 69 26 kalten
362 1657 69 26 Füßen
445 1655 41 25 und
501 1653 69 26 kalten
596 1652 81 25 Händen
688 1651 63 25 leiden,
756 1650 63 25 können
839 1649 35 24 jest
882 1649 57 24 jagen,
955 1649 32 24 daß
998 1649 32 24 das
1038 1649 60 24 läſtige
1109 1649 32 24 und
1152 1649 85 25 künſtliche
1260 1650 106 26 Fußwärmen
1382 1652 33 25 jein
1432 1653 45 25 Ende
1487 1654 51 25 durch
1548 1656 42 25 dieje
1607 1657 67 26 wichtige
1690 1659 54 26 Erfin=

42 1694 44 25 dung
96 1692 66 25 erreicht
175 1690 37 24 hat.

160 1711 56 26 Ferner
235 1709 29 25 hat
281 1708 26 24 die
323 1704 86 26 Erfindung
422 1703 31 24 das
464 1700 94 26 erfreuliche
581 1698 70 25 Reſultat
659 1697 76 25 ergeben,
750 1697 34 24 daß
801 1696 40 24 auch
858 1696 28 24 den
903 1695 61 24 kleinen
987 1695 76 24 Rindern,
1074 1695 25 24 die
1110 1696 22 24 an
1158 1696 182 26 Bahukrämpfen,
1362 1699 107 26 Flechten,
1497 1702 110 27 Nusschlag
1629 1705 32 25 und
1681 1707 62 26 andern

42 1738 104 28 erblichen
168 1731 140 29 Krankheiten
319 1729 61 26 leiden,
391 1727 46 25 durch
454 1725 55 25 meinen
529 1723 70 25 Apparat
610 1721 73 25 geholfen
700 1720 43 24 wird.
772 1720 25 24 Icj
805 1719 37 24 lege
853 1719 19 24 es
883 1719 46 24 daher
940 1719 43 24 allen
1000 1718 53 24 Eltern
1066 1718 80 24 dringend
1154 1719 35 24 ans
1208 1719 44 24 Herz.
1256 1720 32 24 ſich
1298 1720 32 24 für
1337 1721 41 24 ihre
1385 1721 53 24 lieben
1463 1723 56 25 leinen
1529 1724 47 25 einen
1598 1726 149 28 Gichtableitungs=

50 1761 71 27 Ypparat
132 1756 117 29 anzuſchaffen.
275 1752 71 26 Derſelbe
354 1751 47 25 leitet
411 1749 28 25 bei
454 1747 65 25 Rindern
533 1746 31 25 den
575 1745 59 25 ganzen
645 1743 126 26 rheumatischen
788 1742 41 24 Fluß
836 1742 20 24 in
866 1742 47 24 einer
930 1741 47 24 Nacht
988 1741 20 24 ab
1021 1741 32 24 und
1066 1742 50 24 erjezt
1127 1742 26 24 die
1173 1742 50 24 Stelle
1233 1743 44 24 eines
1297 1744 249 29 Zahnhalsbändchens.

179 1780 23 25 an
209 1778 38 25 lege
258 1777 32 25 den
307 1774 72 26 Apparat
389 1773 26 25 bei
429 1771 68 26 Rindern
508 1770 26 24 im
556 1769 35 25 lter
608 1768 32 24 von
660 1767 10 24 4
709 1766 62 25 onaten
782 1766 25 24 bis
831 1765 10 24 4
864 1765 59 24 Sahren
943 1765 32 24 alle
995 1765 10 24 4
1038 1765 56 24 Wochen
1111 1765 62 24 einmal
1184 1765 23 24 an
1220 1765 32 24 und
1263 1766 26 24 die
1305 1766 53 25 Eltern
1375 1767 60 25 werden
1448 1769 26 24 die
1485 1769 51 25 große
1552 1771 60 25 Freude
1622 1772 75 26 erleben,
1704 1775 43 25 ihre

46 1809 54 26 leinen
117 1805 78 27 Lieblinge
209 1803 32 25 von
251 1801 41 25 allen
303 1799 59 26 innern
383 1795 96 27 Schmerzen,
487 1794 26 25 die
524 1793 32 25 das
573 1792 62 25 Bahnen
649 1790 96 26 verurſacht,
756 1789 81 25 verschont
845 1788 20 24 zu
875 1788 56 24 sehen.
964 1787 41 24 Liuch
1010 1787 26 24 ist
1043 1787 20 24 es
1083 1787 44 24 meine
1138 1787 38 24 feſte
1193 1788 127 25 Ueberzeugung,
1337 1789 32 24 daß
1380 1790 26 24 ein
1426 1790 48 25 Mind,
1487 1791 39 25 demt
1542 1793 36 25 mein
1597 1794 151 28 Gichtableitungs=

46 1831 75 27 Apparat
129 1828 78 27 angelegt
221 1826 47 26 wird,
273 1823 81 27 ebenfalls
365 1822 23 25 im
399 1819 75 26 ſpäteren
497 1818 35 25 lter
546 1817 29 25 von
589 1816 41 25 allen
650 1814 121 26 rheumatischen
797 1813 53 25 Leiden
865 1812 81 25 verſchont
963 1812 63 24 bleiben
1048 1811 47 24 wird,
1110 1812 20 24 da
1143 1812 29 24 der
1189 1812 38 24 Reim
1241 1812 29 24 des
1287 1812 60 25 Fluſſes
1358 1813 51 25 durch
1428 1814 57 25 meinen
1511 1816 72 25 Apparat
1593 1817 88 26 abgeleitet
1694 1820 53 25 wird.

49 1856 32 25 Das
101 1853 57 26 Nähete
165 1851 48 26 lehrt
220 1850 26 25 die
263 1842 190 31 Gebrauchsanweijung.

166 1875 38 25 Mein
227 1870 122 28 Wärmeableiter
359 1868 47 25 leitet
414 1867 28 24 den
450 1864 128 27 entſtrömenden
594 1863 43 24 Fluß
649 1862 40 24 nach
703 1861 34 24 dem
748 1860 82 25 Apparat,
835 1860 31 24 und
875 1859 22 24 iſt
905 1859 67 24 derſelbe
983 1859 19 24 so
1013 1859 95 24 conſtruirt,
1112 1859 34 24 daß
1158 1859 19 24 er
1185 1859 26 24 im
1227 1859 71 24 Apparat
1308 1860 125 25 aufgenommen
1450 1861 38 24 wird
1501 1862 32 24 und
1546 1863 41 24 nach
1603 1864 89 26 Ablegung,
1700 1867 17 24 d.
1724 1867 22 24 h.

41 1902 59 26 ſobald
111 1901 29 25 der
154 1898 74 26 Apparat
239 1896 35 25 kalt
288 1894 47 25 wird,
340 1892 71 26 entleert
416 1891 19 24 er
443 1890 31 25 sich
486 1889 28 25 des
528 1886 144 27 aufgenommenen
680 1884 126 26 rheumatischen
826 1883 68 25 Stoffes.
923 1882 47 24 Zeder
981 1882 35 24 wird
1027 1882 78 24 ſtaunen,
1109 1882 47 24 einen
1167 1882 59 24 jolchen
1246 1882 169 25 Ableitungsapparat
1422 1883 29 24 für
1462 1883 47 24 einen
1520 1884 20 24 ſo
1550 1884 66 25 billigen
1635 1885 45 25 Breis
1684 1886 23 24 zu
1714 1887 31 24 er=

44 1926 63 27 halten.
139 1923 50 26 Bürde
197 1921 26 25 ich
240 1919 47 26 meine
301 1915 96 27 Erfindung
408 1914 41 25 dazu
460 1911 87 26 ausnutzen
564 1909 59 25 wollen,
634 1909 25 24 um
673 1908 35 25 dem
722 1906 84 25 Leidenden
820 1905 38 24 noch
869 1905 32 24 sein
917 1904 53 24 Leztes
982 1904 121 24 abzunchmen,
1113 1904 20 24 ſo
1143 1904 60 24 könnte
1210 1904 26 24 ich
1247 1904 29 24 den
1296 1904 72 24 Ipparat
1375 1905 20 24 in
1415 1905 66 25 meijrere
1494 1906 54 25 Theile
1555 1907 72 25 zerlegen
1641 1909 33 25 und
1687 1910 20 24 3.
1723 1911 22 24 B.

44 1950 20 25 1.
72 1948 47 26 einen
145 1940 200 31 Fußableitungswärmer
356 1938 87 26 herstellen,
460 1937 19 24 2.
487 1936 32 25 für
533 1934 44 25 leine
594 1933 56 25 Rinder
662 1932 47 25 einen
726 1929 206 27 Bahnhalsbandablciter;
946 1929 26 24 ich
982 1928 41 24 habe
1034 1928 41 24 aber
1086 1928 26 24 die
1132 1928 47 24 große
1202 1928 78 24 Heilkraft
1291 1928 81 24 vereinigt
1388 1928 32 24 und
1431 1929 23 24 iſt
1471 1929 26 24 ein
1517 1930 225 27 Gichtableitungs-Apparat

45 1971 94 28 genügend,
143 1970 20 25 in
174 1969 44 26 einer
235 1966 66 26 Familie
312 1965 32 25 alle
358 1963 47 25 Uebel
414 1962 23 25 zu
448 1960 93 26 bejeitigen.
577 1958 29 25 Sch
617 1957 41 25 habe
669 1956 41 25 nicht
724 1955 66 25 nöthig,
804 1954 35 25 noch
860 1953 84 25 besonders
961 1953 48 25 meine
1026 1952 81 25 Apparate
1115 1952 23 24 zu
1146 1952 60 24 loben,
1223 1951 42 24 denn
1275 1951 20 24 es
1306 1951 51 24 haben
1367 1952 33 24 ſich
1413 1952 116 25 unparteiiſche
1543 1953 88 25 Beitungen
1644 1954 33 24 und
1696 1954 50 25 Fach-

45 1998 60 25 blätter
115 1996 38 25 jehr
164 1994 63 25 günſtig
240 1993 32 25 unt
283 1991 59 26 lobend
356 1988 69 26 darüber
435 1983 135 28 ausgeſprochen.

161 2020 29 25 Sch
201 2017 71 26 bemerke
282 2015 46 25 noch,
342 2013 31 25 ſoll
385 2012 34 25 eine
430 2009 83 26 dauernde
523 2008 31 24 und
572 2006 64 25 schnelle
653 2004 46 25 Hülfe
716 2003 25 24 bei
752 2002 28 24 den
792 2001 59 25 schwer
864 2000 86 25 Leidenden
960 1999 86 24 eintreten,
1060 1999 20 24 ſo
1096 1998 35 24 find
1150 1998 11 24 2
1186 1998 77 24 Apparate
1274 1998 20 24 zu
1307 1998 110 24 gebrauchen,
1431 1998 29 24 der
1470 1999 35 24 eine
1518 1999 29 24 dez
1566 2000 62 24 Machts,
1642 2000 29 24 der
1684 2001 59 25 andere

46 2047 26 25 am
89 2044 51 26 Yage;
147 2041 69 27 schwere
231 2039 54 26 Beiden
296 2037 35 25 find
345 2036 32 25 alle
388 2031 131 28 chronischen
555 2027 146 27 Magenleiden,
718 2024 153 27 rheumatische
897 2022 214 26 Augenentzündung,
1138 2021 196 25 Schverhörigkeit,
1363 2022 64 24 Gicht,
1447 2022 45 24 alte
1524 2022 95 25 Wunden.
1660 2024 27 24 Bei
1694 2024 48 25 eimer

45 2071 61 26 totalen
126 2065 130 28 Verkrüppelung
264 2063 64 26 jedoch,
342 2061 22 24 wo
375 2060 28 24 der
423 2058 37 25 Nerv
473 2055 103 26 abgeſtorben
584 2054 29 24 iſt,
623 2052 41 24 kann
683 2051 35 24 mein
734 2049 74 25 Apparat
815 2046 149 26 jelbſtverſtändlich
977 2045 41 24 nicht
1028 2044 62 24 helfen.

172 2090 47 26 Meine
233 2087 71 26 Lufgabe
314 2086 31 25 soll
353 2085 19 24 es
384 2083 43 25 ſein,
435 2082 28 25 die
471 2079 67 26 läſtigen
558 2076 92 26 Gichtketten
661 2075 37 24 oder
709 2074 43 25 ſonſt
763 2072 71 25 ähnliche
851 2071 92 25 Heilmittel,
953 2070 26 24 die
989 2070 35 24 dem
1041 2069 86 24 Beidenden
1140 2068 32 24 nur
1191 2068 35 24 Geld
1237 2068 59 24 koſten,
1318 2068 26 24 wie
1363 2068 29 24 Sie
1402 2068 32 24 von
1448 2068 50 24 einem
1517 2069 53 24 Herrn
1589 2069 20 24 E.
1632 2070 59 24 Winter
1704 2070 38 24 und

53 2121 20 25 J.
87 2119 20 25 C.
121 2117 32 26 Ch.
173 2113 75 27 Schwarz
260 2112 20 25 in
306 2108 66 27 Berlin,
386 2106 51 26 welche
457 2102 91 27 Machahmer
565 2101 54 26 meines
639 2098 85 26 Gejchäftes
732 2097 48 25 ſind,
791 2095 88 26 angeboten
902 2094 64 25 werden,
976 2093 73 25 gänzlich
1060 2093 21 24 zu
1094 2092 98 25 verbannen,
1202 2092 33 24 und
1245 2092 49 24 zahle
1304 2092 98 25 demjenigen

1410 1030 76 21 Barendorf
1493 1030 25 21 bei
1531 1031 68 21 Harburg,
1611 1031 25 21 Pr.
1648 1032 77 22 Hannover.

1330 1050 60 20 Geehrter
1402 1051 32 20 Herr
1451 1051 53 20 Winter!
1526 1051 19 20 Da
1555 1051 22 20 ich
1586 1051 40 20 Durch
1635 1051 34 20 Shre
1682 1051 44 20 Gicht-

1283 1068 43 21 ketten
1335 1068 61 21 gänzlich
1406 1069 27 20 von
1445 1069 108 21 Rheumatismus
1563 1069 27 20 und
1602 1070 66 21 Zaubheit
1673 1070 55 21 geheilt

1283 1086 24 20 bin
1322 1087 26 20 und
1363 1087 32 20 Sies
1406 1088 27 20 den
1445 1088 47 20 Leuten
1504 1089 37 20 kund
1555 1089 50 20 gethan
1617 1089 40 20 habe,
1668 1089 14 20 jo
1691 1089 32 20 find

1279 1105 40 21 jchon
1329 1106 17 20 ſo
1355 1106 35 20 viele
1404 1107 45 21 Retten
1459 1107 24 20 bei
1495 1107 22 20 mir
1526 1108 58 21 bestellt,
1593 1108 30 20 das
1630 1109 22 20 ich
1669 1109 22 20 Sie
1700 1109 24 20 um

1282 1124 19 20 12
1316 1124 35 20 Std.
1357 1125 16 20 p.
1388 1125 79 21 Poſtvorjch.
1476 1126 42 21 bitten
1533 1126 36 20 muß.

1318 1143 126 22 Pochachtungsvoll

1483 1146 18 22 P.
1514 1145 15 22 J.
1550 1145 49 22 Meyer,
1612 1145 94 22 Viehhändler.

751 2133 100 58 1000
924 2130 102 54 Mark

45 2225 28 25 der
91 2223 28 25 mir
130 2220 92 27 nachweiſt,
230 2218 31 25 daß
275 2215 80 26 genannte
372 2213 58 25 Herren
441 2211 43 25 nicht
502 2208 92 26 Nachahmer
613 2206 53 25 meines
686 2204 80 25 Geschäfts
773 2203 47 25 ſind.
852 2202 29 24 Um
894 2202 32 24 nun
946 2201 44 24 meine
1006 2200 80 24 Apparate
1097 2199 62 24 überall
1169 2199 116 24 einzuführen,
1293 2198 41 24 habe
1344 2198 35 24 ich,
1393 2198 38 24 denm
1453 2198 68 24 Wnnſche
1532 2199 29 24 des
1586 2199 96 24 Bublikums
1698 2200 41 24 nach

44 2245 90 27 kommend,
142 2242 78 27 diejelben
231 2241 32 25 auf
274 2240 29 25 den
313 2239 17 24 ſo
344 2236 81 26 niedrigen
445 2234 44 25 Preis
503 2230 136 27 heruntergejezt,
647 2229 32 25 daß
690 2229 32 25 ſich
732 2227 81 26 denselben
824 2226 45 25 jeder
882 2225 41 25 ganz
934 2224 45 25 arme
1005 2223 42 24 Mann
1060 2222 88 25 anſchaffen
1158 2221 52 24 kann.

165 2267 26 25 Sch
202 2265 41 26 habe
251 2264 20 25 in
282 2262 41 26 etwa
334 2260 51 26 einem
405 2258 47 26 Sahre
464 2256 60 26 bereite
538 2255 41 25 über
590 2253 75 26 250,000
679 2250 118 26 Dankjchreiben
812 2249 29 25 von
858 2248 81 25 Genejenen
944 2247 75 25 erhalten
1034 2247 29 24 und
1074 2246 35 24 sind
1129 2246 48 24 meine
1184 2245 109 24 sämmtlichen
1308 2245 134 24 veröffentlichten
1459 2246 199 26 Anerkennungsschreiben
1671 2247 33 24 von
1711 2248 30 24 der

46 2292 105 28 betreffenden
170 2287 108 28 Drtebehörde
295 2286 22 25 mit
335 2282 108 27 Amteſtempel
457 2279 111 27 unterzeichnet
578 2278 32 25 und
624 2276 59 25 glaube
697 2275 32 24 ich,
740 2275 32 24 daß
782 2274 32 24 das
825 2273 29 24 jür
865 2273 26 24 die
913 2271 74 25 Wahrheit
999 2271 62 24 bürgt;
1078 2270 26 24 ich
1117 2270 69 24 bemerke
1203 2269 44 24 noch,
1263 2269 32 24 daß
1306 2269 41 24 dieje
1370 2269 87 24 Erfindung
1474 2269 26 24 mit
1510 2270 35 24 dem
1574 2270 124 25 Wärmeableiter
1708 2271 37 24 erſt

42 2318 32 25 seit
85 2317 26 25 1/2
128 2314 41 25 Sahr
182 2313 32 25 von
231 2311 25 25 mir
267 2309 77 26 erfunden
355 2307 31 25 iſt!
404 2306 19 24 Es
437 2305 37 25 wird
489 2303 62 25 überall
562 2301 65 25 freudig
638 2299 95 26 anerkannt,
741 2298 35 24 daß
784 2298 26 24 ich
826 2297 44 24 meine
887 2296 86 25 Erfindung
987 2295 41 24 nicht
1039 2295 29 24 um
1078 2295 29 24 des
1127 2294 56 24 Geldes
1200 2294 47 24 wegen
1261 2294 87 24 verbreite,
1355 2294 69 24 sondern
1443 2294 26 24 mir
1479 2294 26 24 die
1516 2295 60 24 größte
1598 2295 41 24 Mühe
1652 2296 48 24 gebe,
1707 2296 32 24 den

47 2340 84 27 Seidenden
142 2338 23 25 zu
179 2336 59 26 helfen.
264 2332 108 27 Hinreichende
389 2328 114 27 Arbeitskräfte
511 2327 47 25 jezen
578 2325 32 25 mich
621 2325 17 24 in
652 2324 29 25 den
700 2322 60 25 Stand,
771 2321 32 25 das
819 2319 69 25 Beſtellte
899 2319 26 24 am
935 2317 69 25 selbigen
1021 2316 41 25 Lage
1073 2315 107 25 abzujenden.

168 2361 45 26 Hier
233 2356 119 28 empfehlen
378 2352 85 27 wirklich
483 2349 84 27 frühere
591 2346 106 27 Seidende,
711 2346 26 25 die
754 2344 51 25 burch
822 2343 54 25 meinen
896 2342 72 25 Apparat
976 2341 35 25 thre
1032 2341 94 25 Gejundheit
1140 2340 54 24 wieder
1205 2340 73 24 erhalten
1294 2340 63 24 haben;
1377 2340 48 24 ſollte
1436 2340 70 25 dennoch
1532 2341 85 25 Mißtrauen
1630 2342 27 25 bei
1674 2343 67 25 Ginigen

45 2387 86 27 herrſchen,
146 2385 32 25 was
188 2384 26 25 ich
231 2381 59 26 Reinem
303 2378 80 26 verdenke,
392 2377 20 24 ſo
419 2376 44 25 fteht
470 2375 20 24 es
507 2373 56 25 Sedem
571 2372 41 25 frei,
619 2371 32 25 ſich
662 2370 59 25 vorher
732 2369 26 24 bei
762 2367 62 25 einigen
844 2366 90 25 Lusſtellern
947 2364 72 25 brieflich
1026 2364 20 24 zu
1057 2363 105 25 erkundigen.

167 2407 50 25 Sollte
228 2405 50 25 diejes
291 2403 37 25 noch
342 2401 40 25 nicht
394 2398 83 26 genügen,
484 2398 19 24 jo
514 2397 28 24 bin
550 2396 28 24 ich
590 2395 40 25 auch
641 2393 46 25 gerne
698 2392 58 25 bereit,
764 2392 10 24 2
788 2391 25 24 bis
828 2391 10 24 3
858 2390 52 24 Atteſte
921 2389 31 24 von
972 2388 92 24 Predigern,
1078 2387 77 24 Behrern,
1171 2387 170 24 Gemeindevorſtehern
1355 2387 38 24 oder
1412 2387 134 24 Bürgermeiſtern
1560 2388 59 24 vorher
1629 2389 118 25 einzujenden,

47 2434 53 26 damit
108 2433 31 25 ſich
150 2431 28 25 ein
195 2429 46 25 Seder
253 2428 31 25 von
298 2426 28 25 der
343 2424 64 26 Echtheit
415 2422 49 25 felbſt
479 2419 92 26 überzeugt;
590 2418 43 25 ſtellt
642 2417 19 24 es
672 2417 31 24 ſich
714 2415 71 25 heraus,
801 2414 31 24 daß
844 2414 25 24 ein
886 2413 50 24 Atteſt
946 2412 74 24 gefalscht
1030 2411 41 24 oder
1079 2411 26 24 ich
1115 2411 47 24 hätte
1181 2411 26 24 um
1217 2410 29 24 ein
1257 2410 62 24 jolches
1329 2410 74 24 gebeten,
1425 2410 135 24 Berſprechungen
1573 2411 80 24 gemacht,
1670 2412 38 24 oder
1718 2413 26 24 ich

42 2457 57 26 ſtände
116 2456 26 25 mit
159 2453 53 26 einem
236 2450 81 27 Lussteller
334 2448 20 25 in
371 2443 161 28 freundschaftlichem
555 2441 72 26 Verkehr,
641 2440 38 25 oder
696 2439 20 24 es
724 2439 26 25 jei
758 2438 26 24 ein
804 2436 112 26 Berwandter,
936 2435 97 25 Demjenigen
1043 2434 48 24 zahle
1099 2434 26 24 ich
1132 2434 57 24 ſofort
1206 2434 75 24 25,000
1323 2434 60 24 Mark.
1421 2434 36 24 Ich
1470 2434 54 24 habe
1535 2434 26 24 zu
1575 2435 76 25 diefem
1676 2436 71 25 Zweck

47 2481 33 26 die
94 2476 136 29 angegebene
250 2473 83 27 Summe
347 2472 33 25 bei
394 2469 67 26 einem
475 2467 86 27 hiefigen
578 2463 152 28 renommirten
752 2459 142 27 Bankinſtitut
908 2457 124 27 hinterlegt.

167 2500 25 25 Bei
203 2497 92 27 vorheriger
312 2494 104 27 Einzahlung,
428 2492 31 25 daß
470 2491 44 25 heißt
525 2490 47 25 durch
592 2487 135 26 Poſtanweijung,
738 2485 83 25 überſende
832 2485 23 24 ich
868 2484 26 24 die
908 2483 38 24 Riſte
962 2483 26 24 mit
1002 2482 93 25 Apparaten
1105 2481 65 24 franko,
1181 2481 26 24 bei
1224 2480 96 24 Nachnahme
1330 2480 102 24 unfrankirt.

167 2524 22 24 Da
200 2523 28 24 der
248 2521 49 25 Raum
299 2520 22 24 zu
326 2518 58 25 beengt
392 2517 31 24 iſt,
431 2516 19 24 so
461 2515 49 25 führe
513 2514 25 24 ich
545 2513 37 24 noch
593 2512 52 25 einige
656 2510 79 25 Aussteller
749 2509 31 24 von
800 2508 61 24 Atteſten
875 2507 31 24 und
926 2505 115 25 Dankjchreiben
1055 2505 31 24 an,
1097 2505 25 24 die
1133 2505 37 24 zum
1187 2504 107 24 wiederholten
1319 2504 38 23 Male
1364 2504 32 23 sich
1415 2504 83 24 Apparate
1505 2504 32 24 jür
1544 2505 38 24 ihre
1601 2505 86 24 Gemeinde
1691 2506 53 24 haben

45 2550 72 26 kommen
129 2548 61 25 laffen,
200 2546 31 24 und
250 2543 75 26 wünſchen
336 2541 75 25 diejelben
423 2539 46 24 ihren
491 2538 55 25 Namen
559 2535 123 26 veröffentlicht,
687 2533 58 24 indem
752 2533 25 24 sie
794 2532 28 24 mir
832 2531 40 24 dazu
886 2530 64 24 gejandt
966 2529 70 24 wurden.
1070 2529 25 23 Wer
1108 2528 67 24 wünscht
1182 2528 49 23 nicht,
1242 2528 31 23 daß
1278 2528 43 23 jeine
1340 2528 103 23 Mitmenschen
1456 2528 34 23 von
1500 2528 46 23 ihren
1560 2528 26 23 oft
1592 2528 79 24 ſchweren
1690 2529 57 24 Seiden

48 2575 56 26 befreit
118 2572 62 26 werden
191 2570 35 25 und
236 2568 62 26 glaube
306 2566 35 25 ich,
349 2565 32 25 daß
391 2564 26 24 die
436 2562 56 25 Namen
503 2561 29 24 für
543 2560 26 24 die
585 2559 69 25 Echtheit
670 2558 53 25 meiner
740 2556 81 25 Apparate
831 2556 73 24 bürgen.

1210 2574 113 26 Achtungsvoll

61 2652 110 43 Stettin,
198 2646 130 42 Dberwiek
354 2645 48 39 Nr.
417 2644 50 39 22.

1020 2606 119 42 Adolph
1195 2606 124 42 Winter,
1333 2606 182 43 Zabrikseiger,

788 2654 53 28 erster
856 2653 39 27 und
907 2652 93 28 alleiniger
1020 2651 83 27 Erfinder
1119 2651 32 27 der
1167 2651 114 27 verbesjerten
1303 2651 145 27 Gichtapparate,
1474 2652 84 28 Stettin,
1576 2653 96 28 Dberwiek

1083 2678 60 26 fräher
1158 2678 63 25 Berlin,
1235 2678 140 26 Invalidenſtraße
1387 2679 43 26 159.

1681 2653 26 26 22
