1828 2830
354 38 75 39 ichlop
452 38 109 38 miktalap
573 38 97 39 raftina

730 37 100 35 Atteste
850 38 60 35 und
948 38 247 36 Dankschreiben.

42 419 25 16 DE

60 436 28 16 OE

43 663 5 11 E

81 658 6 12 E

62 696 5 11 +

63 797 22 15 3+

61 888 6 12 E

18 954 28 18 al

42 1005 3 11 5

232 121 92 20 Ringenwalde
330 120 22 19 bei
369 119 78 19 Wufterwis,
462 119 13 19 M.
491 119 20 19 M.,
520 119 23 19 den
553 119 25 19 16.
601 119 25 19 ärz
632 119 42 19 1878.

205 140 59 20 Geehrter
278 140 32 19 Herr
324 139 49 20 Adolph
392 138 52 19 Winter,
457 137 132 19 Hochwohlgeboren.

183 159 18 19 Da
207 159 28 19 ſich
239 158 23 19 ein
270 158 59 19 gewifner
341 158 15 19 E.
372 157 54 19 Winter,
443 156 112 20 Beruburgerſtr.
562 156 28 19 29,
598 155 25 19 das
634 155 40 19 Attest

143 178 32 19 über
184 177 56 19 mehrere
251 176 76 19 Heilungen,
338 176 49 19 welches
391 175 20 19 ich
422 175 42 19 Shnen
471 175 76 19 zugejandt
553 175 40 19 habe,
596 174 77 19 zugeeignet

140 197 27 19 und
179 196 49 20 bereits
237 195 15 19 in
261 195 27 19 alle
304 194 27 19 Welt
342 194 61 19 verjandt
415 193 30 19 hat,
451 193 15 19 ſo
475 193 49 19 exkläre
530 193 23 19 ich
557 193 59 19 jelbiges
619 193 25 19 für
650 193 23 19 ge=

140 216 54 20 fälicht.
210 215 32 19 Auch
248 214 25 19 hat
280 213 73 20 benaunter
364 213 15 19 E.
392 212 44 19 Winter
448 212 20 19 mir
476 211 80 19 beiliegende
565 211 39 19 Sopie
613 211 60 19 gejandt,

140 234 22 19 um
178 233 46 19 meinen
240 233 46 19 Namen
294 232 62 19 darunter
363 232 17 19 zu
384 231 46 19 sezen,
443 231 41 19 wofür
491 231 15 18 er
517 231 22 18 mir
545 231 29 18 eine
586 231 34 18 Rette
628 231 44 18 gratis

145 252 74 19 mitjandte,
223 251 22 19 um
252 251 43 19 einem
304 250 69 19 LeiPenden
382 250 24 19 zur
417 250 39 19 Probe
462 250 15 18 zu
486 249 53 19 dienen;
548 249 55 19 diejelbe
609 249 25 18 hat
640 249 32 18 aber

140 271 34 19 keine
195 270 53 19 Wirkung
260 270 56 19 gehabt,
327 269 27 19 war
363 269 27 19 also
401 269 34 19 ganz
449 268 66 19 werthlos.
540 268 58 19 Dagegen
610 268 34 19 habe
651 268 22 19 ich

141 290 25 19 von
182 289 49 19 Shnen,
245 289 32 19 Herr
290 288 61 19 Adolph
372 288 51 19 Winter,
439 287 97 19 Invalidenstr.
545 287 32 19 159,
588 287 49 19 bereits
646 286 25 19 seit

139 309 42 19 einem
197 308 42 19 Sahre
247 307 22 19 für
281 307 44 19 unjere
343 306 66 19 Gemeinde
420 306 18 19 54
451 306 37 19 Stück
497 306 25 19 von
538 306 39 19 Ihren
595 306 76 19 Gichtketten

139 327 68 20 erhalten,
213 326 27 19 und
252 326 42 19 haben
303 325 49 19 jelbige
360 325 27 19 alle
397 324 25 19 gut
433 324 66 19 geholfen,
505 323 23 19 ich
534 323 32 19 jage
580 323 44 19 Shnen
635 323 37 19 noch-

144 346 32 19 mals
189 345 39 19 dafür
247 344 44 19 meinen
305 343 42 19 bejten
368 342 39 19 Dank.
430 342 18 19 Es
459 341 42 19 haben
512 341 27 19 ſich
551 341 49 19 bereits
618 341 54 19 mehrere

139 364 59 20 brieflich
209 363 18 19 an
240 362 30 19 mich
279 361 68 20 gewandt,
353 361 22 19 um
387 361 63 19 Luskunft
459 361 32 19 über
503 360 15 19 G.
534 360 42 19 Winter
582 361 18 19 zu
606 361 66 19 erhalten,

137 382 47 19 indem
193 382 18 19 sie
227 381 37 19 meine
275 381 44 19 Attejte
328 381 15 19 in
352 380 71 19 Zeitungen
434 379 49 19 gelejen
492 379 49 19 haben,
548 379 15 19 u.
574 379 20 19 I.:
611 378 61 19 General-

137 401 78 20 lieutenant
224 401 15 19 v.
251 400 75 19 Raphengſt
335 400 18 19 in
363 399 71 19 Frankfurt
443 399 15 19 a.
472 399 23 19 D.,
508 399 80 19 Lanzlehrer
599 399 47 19 Franke
654 399 15 19 in

147 420 68 19 Staßfurt,
234 419 15 19 W.
265 419 80 19 Waldhauſen
352 418 18 19 in
386 417 78 20 Godesberg,
477 416 124 20 Rittergutsbeſizer
607 416 15 19 v.
632 415 39 19 Corr-

144 440 35 20 want
185 439 15 19 in
214 437 59 20 Sunzor,
285 436 42 20 welche
333 436 23 19 ich
365 435 25 19 auf
399 435 23 19 den
435 434 74 20 Schwindel
516 434 89 19 aufmerkjam
610 434 61 19 gemacht

139 458 28 20 und
175 457 25 20 auf
212 456 32 20 Shre
254 455 45 20 Firma
307 454 86 20 hingewiejen
405 454 40 19 habe.
461 453 57 19 Hiermit
526 453 55 19 gestatte
590 453 21 19 ich
621 453 49 19 Shnen,

146 478 47 19 Dbiges
201 477 18 19 zu
230 473 111 23 veröffentlichen.

259 491 92 22 Achtungsvoll
361 490 66 21 ergebenſt
445 490 17 21 E.
479 489 35 21 Beď,
526 489 132 21 Bauergutsbeſizer.

180 518 26 20 Zur
218 516 84 21 Bejtätigung
308 515 23 20 des
338 514 111 21 voranſtehenden
464 513 76 20 Schreibens
544 513 34 20 lasse
582 513 21 20 ich
610 512 29 20 hier
645 512 24 20 den

146 538 35 20 Brief
190 537 23 20 des
225 536 40 20 Herru
278 534 138 21 General-Lieutenant
428 533 13 19 v.
450 533 74 19 Kaphengit
528 533 16 19 in
555 533 70 19 Frankfurt
631 533 16 19 a.
655 533 16 19 D.

137 557 57 19 folgen:

364 566 71 20 Frankfurt
444 565 15 19 a.
468 565 23 19 D.,
497 565 25 19 den
533 565 15 19 8.
567 565 32 19 März
608 565 45 19 1878.

182 589 39 20 Herrn
240 587 42 20 dolph
298 586 44 20 Winter
351 585 35 19 bitte
392 585 27 19 ich,
426 584 30 19 eine
470 583 66 19 Gichtkette
542 583 18 19 zu
569 583 59 19 ſchicken,
636 583 33 19 aber

138 608 30 20 eine
177 607 47 20 folche,
237 606 20 19 wie
268 605 23 19 Sie
298 605 28 19 dem
339 602 124 21 Bauergutsbeſizer
474 602 40 19 Herru
525 601 16 19 G.
552 601 25 19 Beď
585 601 16 19 in
614 600 56 19 Ringen=

145 626 39 20 walde
193 625 56 20 gejchiät
260 623 49 20 haben.
327 623 25 19 Bor
363 622 51 19 Rurzem
422 621 25 19 lag
458 621 23 19 der
494 619 92 20 Nreuzzeitung
595 619 30 19 eine
640 619 30 19 Em=

140 644 64 20 pfehlung
217 644 23 19 der
251 642 57 20 gleichen
328 640 74 20 Gichtketten
415 640 25 19 von
459 639 16 19 G.
493 638 49 19 Winter,
560 637 50 19 Berlin,
630 637 40 19 Bern-

140 662 92 21 burgerſtraße
241 661 25 19 29,
274 661 27 19 bei,
313 660 39 19 worin
360 659 15 19 er
384 659 25 19 ſich
418 658 27 19 auf
451 657 111 20 obengenannten
576 657 15 19 S.
605 656 27 19 Bek
641 656 25 19 und

137 683 39 20 einen
187 682 15 19 C.
211 681 46 20 Hempe
266 680 15 19 in
290 678 87 20 Luctenwalde
386 677 47 19 bezog.
449 677 23 19 Ich
475 676 49 19 ſchrieb
530 675 56 19 deshalb
593 675 18 19 an
624 675 44 19 Beide;

139 701 25 19 von
180 701 15 19 G.
209 700 27 19 Beck
248 699 44 20 bekam
303 698 20 19 ich
334 697 23 19 ein
368 696 40 19 gutes
421 696 56 19 Zeugniß
488 695 32 19 über
534 695 32 19 Shre
580 694 49 19 Retten,
640 694 25 19 von

137 719 42 20 einem
200 719 13 19 G.
231 717 45 20 Winter
290 716 42 20 wußte
343 716 13 19 er
370 715 50 20 nichts;
431 714 25 19 von
472 713 16 19 E.
501 713 45 20 Hempe
557 712 45 20 bekam
613 711 21 19 ich
645 711 23 19 die

144 737 65 21 Antwort,
218 736 28 20 daß
257 735 57 20 derſelbe
325 733 77 21 überhaupt
411 732 38 20 teine
462 731 33 20 Rette
506 731 57 20 bezogen
575 730 40 19 habe,
629 729 38 19 weder

139 757 25 20 von
181 756 13 19 I.
203 755 33 20 noch
249 755 16 19 G.
281 753 52 20 Winter,
344 752 45 20 mithin
398 752 25 19 das
437 751 38 19 Attest
486 750 79 20 volſtändig
574 750 62 19 gefäljcht
642 750 27 19 ijt.

142 777 23 19 Um
176 775 52 20 baldige
239 772 96 22 Neberjendung
346 771 40 20 bittet

341 791 15 19 v.
370 789 80 20 Kaphengſt,
467 787 139 20 General-Lieutenant
614 787 15 19 3.
638 787 17 19 D.

181 813 44 20 Hierzu
241 811 39 20 mache
292 811 20 19 ich
323 810 23 19 die
364 808 83 20 Bemerkung,
458 808 28 19 daß
496 807 23 19 der
539 806 129 20 Generallieutenant

138 834 15 20 8.
165 831 74 21 Raphengst
246 830 28 20 ſich
283 829 50 20 bereits
346 828 55 20 mehrere
410 827 23 19 hat
442 827 53 20 ſchicten
503 826 50 19 laſſen.

276 866 64 20 Budapeſt
346 866 15 19 in
375 865 61 20 Ungarn,
443 865 23 19 den
477 864 25 19 16.
518 864 69 19 November
605 863 45 19 1881.

227 887 23 20 Sr.
269 885 87 21 Wohlgeboren
373 884 40 20 Herrn
435 883 43 20 dolph
496 882 51 20 Winter,
560 882 57 19 Stettin.

180 906 59 20 Dankend
250 905 33 19 habe
293 904 40 20 Shren
349 904 23 19 mir
380 903 52 20 gütigst
443 901 86 20 überſandten
545 900 93 20 Sichtapparat
646 899 22 19 er-

138 926 52 20 halten,
199 925 20 19 ich
228 925 30 20 ließ
267 923 69 20 denselben
344 922 45 20 ſofort
398 921 42 20 einem
451 919 79 20 langjährig
541 918 69 20 leidenden
628 917 40 19 Gicht-

137 946 57 20 tranken
200 944 55 20 anlegen
264 943 28 20 und
298 943 26 20 der
335 941 48 20 Erjolg
394 940 26 20 war
426 940 23 20 ein
457 937 121 22 überrajchender.
592 936 21 19 Ich
622 935 45 20 nehme

138 964 40 19 daher
186 963 44 20 keinen
244 962 54 20 Anſtand
313 961 40 19 mehr,
362 960 32 19 dieſe
405 959 32 19 Shre
446 958 90 20 vortreffliche
547 956 73 20 Erfindung
631 955 37 19 auf's

370 977 92 21 Achtungsvoll

143 984 36 19 Beste
187 983 16 19 zu
214 980 81 22 emprehlen.

338 1001 63 22 Profejor
421 1000 35 21 Sal.
470 998 51 21 Rohn,
530 996 87 22 Rönigegaffe
625 995 25 21 40.

804 118 33 19 Guer
856 119 101 19 Wohlgeboren!

728 136 18 19 Da
757 136 20 19 die
788 137 25 19 von
829 137 42 19 Shnen
880 137 68 19 erzeugten
964 138 102 19 Gichtapparate
1073 138 15 19 in
1099 139 56 19 hieſtger
1169 139 50 19 Gegend

691 156 22 19 mit
726 156 46 19 Erfolg
786 156 63 19 getragen
860 156 36 19 ſind,
905 157 15 19 ſo
934 157 51 19 erſuche
1000 157 22 19 Sie
1038 157 22 19 mir
1072 157 39 19 einen
1124 157 39 19 gegen
1181 158 38 19 Mach-

686 174 48 18 nahme
743 174 15 18 zu
767 174 56 18 ſenden.

724 193 58 20 Ricarken
794 193 75 20 b./Biſtriz
876 193 132 20 i./Siebenbürgen,
1014 194 26 19 den
1049 194 45 19 17./3.
1104 194 23 19 81.

997 213 52 20 Michael
1063 213 62 20 Schobel,
1140 213 57 20 Pfarrer.

827 256 82 19 Fünfkirchen
918 256 16 19 in
947 256 60 19 Ungarn,
1016 257 23 19 den
1050 257 15 19 3.
1079 257 67 20 December
1155 258 43 20 1880.

801 275 32 19 Herr
854 275 40 19 dolph
915 275 53 19 Winter!

727 292 27 19 Ew.
774 293 89 19 Wohlgeboren
874 293 32 19 bitte
915 294 20 19 ich
948 294 32 19 noch
990 294 22 19 um
1026 294 39 19 einen
1083 295 101 19 Gichtapparat,
1192 296 26 19 der

686 311 46 19 bereits
741 312 68 19 erhaltene
821 312 22 19 hat
854 312 22 19 bei
883 312 42 19 einem
941 313 58 19 Kranken
1010 313 39 19 guten
1065 313 46 19 Erfolg
1123 314 54 19 gehabt.

1054 332 68 19 Ergebenſt

955 350 27 20 Dr.
990 350 60 20 Heinrich
1062 350 62 20 Rucinic,
1138 351 79 21 Stabsarzt.

823 396 53 18 Singler
887 396 20 19 bei
922 396 46 19 Siroka
977 397 15 19 in
1006 397 60 19 Ungarn,
1075 398 25 19 den
1110 398 15 19 6.
1134 399 34 19 Iuni
1175 399 41 19 1880.

802 414 59 19 Geehrter
877 415 30 19 Herr
920 415 49 19 Adolph
990 415 54 19 Winter!

724 432 22 19 Sch
753 432 39 19 fühle
806 433 30 19 mich
847 433 85 19 verpflichtet,
946 434 42 19 Shnen
1003 434 47 19 meinen
1061 434 68 19 wärmſten
1141 435 37 19 Dank
1182 435 35 19 aus-

683 451 74 19 zuſprechen
770 451 25 19 für
809 451 23 19 die
850 451 69 19 Wohlthat,
932 452 20 19 die
971 452 23 19 mir
1005 452 39 19 durch
1060 453 32 19 Shre
1111 454 73 20 Gichtketten
1198 455 15 19 zu

687 470 37 19 Theil
735 470 71 19 geworden
817 470 25 19 ist.
863 470 23 19 Sch
897 471 23 19 bin
931 471 37 19 schon
979 471 8 19 8
1004 471 39 19 Sahre
1057 472 37 19 durch
1112 472 35 19 Gicht
1158 472 18 19 an
1187 473 29 19 das

689 488 28 19 Bett
725 488 69 19 gefesfellt,
808 489 37 19 meine
864 489 49 19 Glieder
919 489 30 19 ſind
961 490 64 19 verrenkt,
1038 490 37 19 Rnie,
1087 491 44 19 Hände
1140 491 25 19 und
1179 492 35 19 Füße

682 508 47 19 konnte
735 508 23 19 ich
767 507 35 19 volle
810 507 8 19 8
832 507 40 19 Fahre
881 507 35 19 nicht
924 507 49 19 rühren
985 508 25 19 und
1026 508 42 19 wurde
1077 508 40 19 durch
1130 509 47 19 Andere
1186 510 28 19 aus

683 525 28 19 dem
727 525 35 19 Bette
776 525 72 19 getragen,
859 526 72 19 außerdem
945 526 38 19 huste
991 527 20 19 ich
1023 527 42 19 stark,
1075 527 28 19 fajt
1114 527 28 19 alle
1153 527 62 19 ärztliche

686 544 38 19 Hülfe
730 544 35 19 habe
769 544 20 19 ich
799 544 72 19 vergebens
877 544 87 20 angewandt.
980 545 23 19 Sch
1007 545 40 19 trage
1053 545 50 19 bereits
1110 546 25 19 jeit
1142 546 8 19 6
1166 546 47 19 Wochen

686 563 32 19 Shre
727 563 78 19 berühmten
822 563 74 19 Gichtketten
906 564 25 19 und
943 564 35 19 kann
987 564 71 19 aufrichtig
1067 564 47 19 sagen,
1122 565 27 19 das
1156 565 27 19 jich
1193 566 21 19 bei

687 581 20 19 mir
721 581 39 19 unter
771 581 35 19 allen
817 582 15 19 in
846 582 25 19 den
885 582 8 19 8
906 582 49 19 Sahren
969 583 97 19 angewandten
1080 583 80 19 Heilmitteln
1171 584 42 19 keines

680 599 25 19 ſich
714 599 15 19 ſo
740 599 23 19 gut
774 599 61 19 bewährt
844 600 25 19 hat
873 600 22 19 als
906 600 32 19 Shre
952 600 87 19 Gichtkettten.
1058 601 32 19 Luch
1096 602 37 19 hatte
1137 602 22 19 ich
1166 603 48 19 großes

684 618 74 19 Zahuweh;
770 617 20 18 ich
800 617 36 18 kann
845 617 29 18 jest
883 617 39 19 ſchon
933 618 20 19 die
971 618 48 19 Glieder
1027 619 62 19 langiam
1101 620 55 20 rühren.
1181 622 35 19 Bitte

687 636 22 18 mir
717 636 31 19 noch
757 637 8 18 5
783 637 36 18 Stük
837 637 74 18 Gichtketten
920 637 17 18 zu
946 637 53 19 jenden.

977 656 23 19 Mit
1013 657 87 20 Hochachtung

906 675 26 20 Shr
939 675 71 20 ergebener
1024 675 36 20 tlein
1074 676 46 20 Zipjer
1132 677 36 20 tati.

752 715 67 20 Friedland
830 715 16 20 a.
853 715 16 20 D.
886 715 44 20 Mohra
936 716 16 20 in
974 716 56 20 Mähren,
1040 717 24 20 den
1075 717 24 20 28.
1115 718 31 20 März
1153 719 44 20 1880.

797 734 30 19 Ew.
839 735 135 19 Hochwohlgeboren!

724 753 59 19 Nachdem
794 753 23 19 ich
828 753 8 19 4
850 753 37 19 Stük
903 754 100 20 Gichtapparate
1014 755 47 19 bereits
1072 756 61 20 erhalten
1144 757 32 19 habe
1188 758 26 19 und

680 771 20 19 die
714 771 88 19 Betreffenden
807 772 42 19 jowie
855 772 23 19 ich
882 772 40 19 jelbst
933 773 32 19 beim
976 774 42 19 erſten
1035 774 59 20 Anlegen
1105 775 64 20 derſelben
1175 777 37 20 einen

685 789 96 20 wohlthätigen
797 791 47 20 Schlaf
850 792 54 20 fühlten
916 793 25 19 und
957 793 79 20 Linderung
1045 794 25 19 der
1084 794 47 19 Leiden
1142 795 74 19 vorauszu-

678 808 39 19 jehen
729 809 25 19 ist,
766 810 15 19 ſo
795 810 52 19 ſpreche
855 811 20 19 ich
889 811 25 19 fiür
930 812 32 19 Shre
981 812 73 20 Erfindung
1070 813 47 19 meinen
1133 814 81 19 Herzlichſten

685 827 35 19 Dank
727 828 26 19 aus
759 828 28 19 und
796 828 58 20 erjuche,
862 829 30 19 noch
899 829 8 19 6
921 830 35 20 Stük
968 830 67 20 Apparate
1039 831 25 20 für
1071 832 62 20 Leidende
1137 833 18 19 zu
1160 833 57 20 jenden.

1005 850 128 21 Hochachtungsvoll

966 867 43 22 Zojef
1020 868 55 22 Rotter,
1090 869 80 23 Gensdarm.

705 913 77 20 Rallesdorf
791 914 21 20 bei
826 914 49 20 Biſtriz
884 914 16 20 in
917 915 107 21 Siebenbürgen,
1031 916 26 20 den
1066 916 16 20 2.
1089 916 59 20 Februar
1155 917 42 20 1880.

797 932 38 20 Herrn
850 933 51 20 Adolph
920 934 53 20 Winter,
990 934 98 21 Wohlgeboren!

724 949 21 20 Die
761 950 23 20 mir
796 950 21 20 im
830 951 55 20 vorigen
902 952 41 20 Sahre
954 953 90 20 zugejandten
1058 954 8 19 4
1081 954 38 19 Stüc
1138 955 77 19 Gichtketten

684 968 46 20 wirken
741 969 23 20 bei
776 969 23 20 den
813 970 88 20 betreffenden
919 971 56 20 Kranken
989 972 41 20 gegen
1048 973 41 20 Gicht,
1105 974 110 21 Rheumatismus

679 986 28 20 und
721 987 103 21 Kopfschmerzen
840 989 83 21 wohlthätig.
940 990 26 20 Nun
977 991 23 20 bin
1007 991 21 20 ich
1044 991 43 20 wieder
1099 992 85 20 beauftragt,
1188 993 27 20 für

680 1005 20 19 die
717 1006 59 20 Edelfrau
796 1008 49 20 Wittwe
855 1009 13 19 v.
884 1009 81 20 Pattantgus
973 1010 23 19 bei
1010 1011 42 19 Shnen
1063 1012 8 19 4
1085 1012 37 19 Stück
1138 1012 76 20 Gichtketten

681 1026 38 19 gegen
739 1027 80 20 Machnahme
828 1027 16 19 zu
855 1027 65 20 beſtellen.
945 1028 70 20 Ergebenſt
1029 1029 55 20 Sohann
1106 1031 38 20 lein,
1156 1032 60 21 Pfarrer.

1445 123 67 20 Db.-Tura
1521 124 82 20 i./Ungarn,
1612 125 23 19 den
1647 125 25 19 20.
1686 126 33 20 März
1725 126 44 20 1881.

1351 140 38 19 Herrn
1405 140 38 19 Adolf
1462 140 54 19 Winter!

1274 159 42 19 Shren
1334 159 92 19 Gichtapparat
1440 160 39 19 gegen
1500 161 35 19 Gicht
1546 161 27 19 und
1589 162 109 20 Rheumatismus
1709 163 25 19 hat
1745 164 24 19 bei

1237 175 45 19 meiner
1293 176 52 20 schwer
1354 177 69 20 leidenden
1443 178 45 19 Gattin
1502 179 88 20 vortreffliche
1609 180 52 20 Dienjte
1672 181 67 20 geleiftet;
1748 182 22 19 ſie

1232 194 59 20 befindet
1297 195 28 19 ſich
1334 196 71 20 bedeutend
1419 197 23 19 am
1462 197 30 19 Wege
1504 198 23 19 der
1545 199 71 20 Genejung,
1627 200 59 20 dankend
1695 201 25 19 für
1734 202 33 19 Shre

1237 213 40 20 pilfe,
1283 214 35 20 bitte
1328 215 33 19 noch
1367 215 25 19 für
1401 216 18 19 20
1433 216 21 19 8l.
1460 216 8 19 5
1487 217 35 19 Stük
1531 217 16 19 zu
1556 217 55 20 senden.
1637 218 28 19 Geld
1676 218 46 19 anbei.

1613 236 54 21 Michacl
1679 237 71 22 Galbarn.

1321 270 76 20 Botszowce
1404 271 13 19 i.
1428 271 58 20 Galizien
1496 272 13 20 i.
1518 272 68 20 Dejtreich,
1595 273 23 20 den
1630 274 23 20 29.
1665 274 51 20 Sanuar
1722 275 43 20 1881.

1349 289 40 19 Herrn
1402 290 40 19 Adolf
1463 290 52 19 Winter!

1274 307 23 19 Der
1310 307 25 19 von
1354 308 42 19 Shnen
1413 308 23 19 mir
1449 309 23 19 vor
1485 309 18 19 12
1519 309 42 19 Tagen
1572 310 80 20 zugesandte
1670 311 98 20 Gichtapparat

1231 325 25 19 hat
1262 326 27 19 sich
1296 326 18 19 in
1327 326 46 19 meinen
1385 327 63 19 schweren
1461 328 25 19 und
1502 329 70 19 veralteten
1591 330 150 20 Rheumatismusleiden
1749 331 15 19 ſo

1231 344 25 19 gut
1267 344 68 19 bewährt,
1344 345 27 19 daß
1381 345 23 19 ich
1410 346 18 19 in
1436 346 47 19 kurzer
1496 347 30 19 Zeit
1537 347 42 19 große
1588 348 76 20 Linderung
1674 349 44 19 fühle.
1742 350 25 19 In-

1231 362 28 19 dem
1268 363 21 19 ich
1297 363 45 19 Shnen
1351 363 57 19 hiermit
1421 364 47 19 meinen
1480 365 67 20 innigsten
1563 366 38 19 Dank
1606 367 69 20 öffentlich
1684 368 84 20 ausſpreche,

1230 381 33 20 bitte
1280 381 23 19 Sie
1309 382 26 19 für
1349 382 38 20 meine
1403 383 72 20 Bekannten
1487 384 8 19 5
1509 384 35 20 Stüď
1553 385 18 19 3u
1578 385 55 20 senden.
1659 386 28 19 Geld
1698 386 48 20 anbei.

1502 402 18 20 Mit
1534 403 56 21 Achtung
1607 404 49 20 Stefan
1670 405 58 20 Ryjmar,

1571 423 13 20 k.
1588 423 13 20 k.
1616 423 151 21 Gendarme-Invalide.

1417 454 62 21 Wildstein
1486 455 90 21 i./Böhmen,
1582 457 27 20 den
1618 457 27 20 14.
1661 457 34 20 März
1704 458 43 20 1881.

1346 472 40 19 Herrn
1402 473 38 19 Adolf
1461 473 52 19 Winter!

1270 490 20 19 Da
1302 490 49 19 bereits
1365 491 25 19 ſeit
1406 491 49 19 mehren
1481 492 57 20 Monaten
1551 493 32 19 über
1597 494 18 19 40
1636 494 100 21 Gichtapparate
1747 496 15 19 in

1228 508 40 19 diejer
1283 508 49 19 Gegend
1344 509 40 19 durch
1396 509 30 19 mich
1435 510 54 19 bejorgt
1495 510 30 19 find
1536 511 25 19 und
1572 512 27 19 alle
1608 512 30 19 sehr
1646 513 61 20 geholfen
1716 515 50 20 haben,

1227 527 13 19 jo
1251 527 35 19 bitte
1299 527 44 19 wieder
1352 528 18 19 10
1386 528 23 19 St.
1417 528 42 19 gegen
1478 529 80 20 Machnahme
1564 530 18 19 zu
1591 530 55 19 ſenden.

1269 546 32 19 Auch
1314 546 25 19 foll
1348 546 20 19 ich
1384 547 52 19 Shnen,
1450 547 32 19 Herr
1498 548 23 19 Ad.
1539 548 52 19 Winter,
1604 549 25 19 von
1640 550 37 19 einer
1691 550 35 19 Frau
1741 551 24 19 mit

1233 563 49 19 Ramen
1298 564 37 19 Anna
1348 565 39 19 Böhm
1399 565 27 19 aus
1440 566 71 20 Rlinghart
1517 567 39 19 ihren
1567 568 49 19 großen
1632 569 35 19 Dank
1675 569 87 20 ausſprechen

1228 582 25 19 und
1269 582 33 19 diese
1318 582 32 19 Frau
1368 583 57 19 wünicht
1436 583 28 19 daß
1479 584 23 19 Sie
1516 584 40 19 diejes
1571 585 68 20 Schreiben
1651 587 113 21 veröffentlichen.

1234 601 23 19 Sie
1266 601 25 19 litt
1302 601 18 19 18
1333 601 42 19 Iahre
1389 602 18 19 an
1428 602 35 19 Gicht
1471 603 25 19 und
1510 603 47 19 kounte
1566 604 32 19 troß
1609 604 35 19 aller
1655 605 107 21 angewendeter

1228 619 69 20 ärztlicher
1316 620 91 20 Behandlung
1414 621 38 19 keine
1465 621 35 19 Hilfe
1509 622 80 19 bekommen.

1266 639 37 19 Itach
1324 639 64 19 Gebrauch
1406 640 40 19 Shres
1461 640 73 19 Apparates
1546 641 49 19 konnte
1606 642 20 19 ſie
1637 642 23 19 den
1678 643 30 19 Arm
1716 643 47 20 etwas

1228 656 64 20 bewegen
1303 657 25 19 und
1337 658 18 19 es
1363 658 32 19 geht
1407 659 27 19 Lag
1443 659 25 19 für
1481 659 27 19 Lag
1520 659 40 19 besjer
1568 660 15 19 u.
1592 660 13 19 s.
1617 660 17 19 w.

1367 677 93 20 Achtungsvoll
1474 678 56 20 Iohann
1543 678 68 20 Rommer,
1623 680 123 22 Landbriefträger.

1415 715 84 19 Fünfkirchen
1508 715 13 19 i.
1527 715 62 19 Ungarn,
1598 716 23 19 den
1632 716 15 19 8.
1661 716 35 19 März
1702 717 42 19 1881.

1350 732 89 20 Wohlgeboren
1455 733 32 19 Herr
1501 734 22 19 Ad.
1542 734 54 19 Winter!

1270 750 34 19 Bitte
1318 750 22 19 mir
1356 751 44 19 wieder
1411 751 8 19 4
1435 751 37 19 Stück
1490 752 99 19 Fichtapparate
1598 753 15 19 zu
1622 753 56 19 jenden,
1699 753 27 19 Geld
1737 753 26 19 an-

1227 768 28 19 bei.
1278 768 20 19 Sch
1309 769 32 19 habe
1353 769 42 19 selbſt
1404 770 40 19 einen
1457 770 76 19 gebraucht,
1549 771 30 19 Gott
1593 771 35 19 möge
1643 772 23 19 Sie
1677 772 32 19 noch
1721 772 42 19 lange

1224 787 40 19 leben
1273 787 49 19 lafen,
1331 788 45 19 damit
1384 788 32 19 noch
1425 789 35 19 viele
1471 789 62 19 Beidende
1541 790 45 19 kurirt
1600 790 54 19 werden.

1318 807 30 19 Euer
1369 807 88 19 Wohlgeboren
1467 808 86 19 dankbarster
1569 808 45 19 Diener

1426 827 42 20 Soſef
1477 826 62 20 Xijchler,
1553 827 77 20 Beschließer
1639 827 19 20 im
1677 828 68 21 Seminar.

1261 867 91 19 Pottenhofen,
1359 867 16 19 b.
1391 867 43 19 Staaz
1449 868 123 20 Ried.-Deſterreich
1581 869 25 19 den
1618 870 23 19 13.
1652 870 57 20 Februar
1721 871 42 20 1881.

1346 885 60 20 Gechrter
1420 886 31 19 Herr
1464 886 38 20 Adolf
1524 887 50 20 Winter!

1269 905 23 19 Sch
1300 905 33 19 bitte
1347 905 23 19 mir
1378 905 37 19 einen
1430 905 96 20 Gichtapparat
1534 906 18 19 zu
1561 906 57 20 senden,
1624 907 37 19 einen
1673 908 52 20 ſolchen
1741 909 20 19 wie

1234 922 21 19 Sie
1266 923 30 19 dem
1313 923 40 19 Herrn
1376 923 62 20 Matthias
1457 924 87 20 Steinbauer,
1558 925 57 20 Gerichts
1616 926 69 20 -Adjunkt
1697 927 15 19 in
1727 928 35 20 Laar

1226 942 26 19 für
1260 942 38 19 ſeine
1312 942 33 19 Frau
1358 942 60 19 gejendet
1432 943 50 19 haben,
1493 943 60 20 derſelbe
1561 944 33 19 läßt
1608 945 45 20 Shnen
1664 946 45 20 ſeinen
1728 947 36 20 Dank

1226 960 40 19 durch
1282 960 30 19 mich
1323 960 94 19 aussprechen,
1426 961 45 19 seiner
1484 961 33 19 Frau
1538 962 40 20 waren
1591 963 23 19 die
1630 964 42 20 Hände
1682 965 79 21 zusammen

1227 981 60 20 gezogen
1301 981 26 19 von
1343 980 41 19 Giht,
1392 980 26 19 und
1434 980 23 19 Ihr
1471 980 60 20 Apparat
1543 981 23 19 hat
1575 981 58 20 schnelle
1646 982 40 20 Bülje
1695 983 69 21 gebracht.

1378 998 93 22 Uchtungsvoll
1483 1000 60 21 Florian
1557 1001 62 21 Scheihtl,
1634 1002 111 21 Bürgermeister.

40 1080 41 19 55

58 1112 7 12 o

60 1140 5 12 5

227 1042 105 22 Peterswaldau,
345 1040 71 20 Reg.-Bez.
430 1038 61 20 Breslau,
500 1037 25 19 den
533 1037 16 19 2.
562 1035 52 20 Sanuar
625 1035 41 19 1881.

256 1060 78 20 Geehrtefter
347 1059 33 20 Herr
399 1056 53 21 Winter!

161 1082 30 20 Seit
199 1082 8 19 3
228 1080 47 20 Wochen
286 1079 23 19 bin
320 1078 23 19 ich
351 1078 20 19 im
388 1077 37 19 Beſiz
438 1076 40 19 Shrer
494 1074 103 20 Gichtapparate
607 1073 28 19 und
643 1073 22 19 ich

134 1102 39 20 fühle
187 1100 30 19 mich
227 1098 82 20 gedrungen,
315 1097 44 20 nieine
366 1096 46 20 vollſte
420 1094 97 21 Zufriedenheit
523 1093 27 19 und
566 1092 46 19 meinen
623 1091 42 19 besten

142 1121 35 20 Dank
185 1119 30 20 über
221 1118 39 20 deren
276 1116 56 20 Wirkung
341 1113 109 21 auszuſprechen.
471 1112 25 19 Die
502 1111 54 20 talten,
562 1110 52 19 eifigen
625 1110 41 19 Füße,

142 1140 20 19 mit
173 1138 42 20 denen
224 1137 20 19 ich
255 1137 18 19 zu
286 1135 39 20 diejer
340 1133 73 20 Sahreszeit
424 1132 49 20 immer
481 1130 56 20 gevlagt
555 1130 30 19 war,
593 1129 30 19 find
636 1128 30 19 ver-

135 1157 78 21 ſchwunden
225 1156 28 20 und
263 1155 30 20 eine
302 1152 83 21 angenehme
404 1151 50 20 Wärme
462 1150 18 19 an
491 1149 40 20 deren
549 1148 40 20 Stelle
599 1147 67 20 getreten.

144 1178 8 19 E
167 1177 17 19 ist
193 1176 29 19 jest
234 1173 58 20 überaus
305 1171 82 21 wohlthuend
395 1170 25 19 für
438 1169 34 19 mich,
485 1168 44 19 wieder
547 1167 46 19 warme
604 1166 35 19 Füße
647 1166 18 19 zu

136 1197 51 21 haben.
205 1195 34 20 Vein
255 1192 60 21 Apparat
319 1191 18 19 ist
349 1190 22 19 mir
380 1189 22 19 ein
416 1187 65 20 wichtiger
496 1186 42 19 Beſis.
562 1185 32 19 Möge
612 1184 30 19 Gott
650 1184 17 19 es

381 1204 124 23 Hochachtungsvoll
523 1203 70 20 Grueſtine
610 1203 40 19 lofe.

142 1216 43 20 Shnen
191 1214 60 20 lohnen.

896 1074 67 22 Ernedorf
970 1076 21 20 bei
1006 1076 50 21 Bieliz,
1063 1077 50 20 öſterr.
1127 1078 72 20 Schlesten.

797 1091 28 19 Ew.
843 1092 99 20 Wohlgeboren!

720 1109 32 19 Shre
769 1110 74 20 Gichtketten
862 1111 48 19 werden
921 1112 18 19 in
952 1113 22 19 der
987 1114 58 19 hieſigen
1063 1115 48 19 Gegend
1130 1116 20 19 mit
1160 1117 53 19 großem

685 1127 53 19 Erfolge
747 1128 72 20 getragen,
830 1129 25 19 und
865 1130 41 19 daher
917 1131 34 19 bitte
958 1131 29 19 ich,
1000 1132 22 19 mir
1034 1132 44 19 davon
1091 1133 8 19 4
1114 1134 36 19 Stück
1159 1134 57 19 freund-

677 1146 38 19 lichst
725 1146 18 19 zu
755 1147 59 20 ſchicken.
837 1148 23 19 Der
876 1148 47 20 Betrag
934 1149 52 20 erfolgt
998 1150 40 20 anbei
1046 1151 40 20 durch
1102 1152 114 21 Poſtanweijung.

1048 1171 95 20 Achtungsvoll

994 1190 34 19 Joh.
1044 1190 53 19 Mrkwa,
1113 1191 61 19 Pfarrer.

1252 1040 74 20 Unterwein
1338 1040 14 20 B.
1366 1040 44 20 Bogen
1417 1041 14 20 i.
1442 1041 62 20 Südtirol
1513 1042 14 20 i.
1535 1042 49 20 Destr.,
1591 1043 24 20 den
1627 1043 24 20 25.
1659 1044 54 21 Sanuar
1720 1045 44 21 1881.

1348 1060 58 19 Geehrter
1421 1060 40 19 Herr!

1269 1079 32 19 Shre
1312 1079 63 19 unlängjt
1390 1079 23 19 mir
1426 1079 70 19 gejandter
1517 1080 94 20 Gichtapparat
1622 1081 51 20 ſcheint
1684 1083 29 19 eine
1727 1084 34 20 ganz

1228 1098 69 19 besondere
1313 1097 61 19 Heilkraft
1381 1097 18 19 zu
1408 1097 60 19 besizen.

1271 1116 20 19 Sch
1302 1116 32 19 habe
1348 1116 66 19 denselben
1425 1117 39 19 jeden
1478 1117 51 19 gezeigt
1538 1117 25 19 und
1576 1118 22 19 hat
1610 1118 22 19 bei
1641 1118 34 19 allen
1687 1119 22 19 ein
1720 1119 42 19 ange-

1229 1136 54 19 nehmes
1299 1135 47 19 Ziehen
1354 1135 15 19 in
1381 1135 30 19 dem
1427 1136 51 19 törper
1487 1136 123 20 hervorgehoben,
1619 1137 34 19 alles
1667 1138 25 19 was
1713 1139 23 19 Sie
1744 1140 15 19 in

1233 1155 46 19 Shrem
1297 1154 68 19 Proſpekte
1378 1154 75 19 angegeben
1467 1154 49 19 beruht
1524 1155 27 19 auf
1571 1155 70 19 Wahrheit,
1652 1156 34 19 bitte
1695 1157 25 19 für
1734 1158 29 19 bei-

1228 1173 61 19 folgende
1298 1173 8 19 6
1324 1172 47 19 Gulden
1382 1172 32 19 noch
1423 1172 37 19 einen
1469 1172 18 19 zu
1495 1173 54 19 ſenden.

1473 1191 26 20 Shr
1508 1192 70 21 ergebener
1592 1193 16 19 H.
1619 1194 23 19 Fr.
1656 1194 90 19 Braďmann.

60 1294 6 14 8
77 1293 7 12 —

21 1341 25 18 500

18 1353 9 17 2
41 1354 9 18 .

60 1361 24 13 5=

60 1371 25 13 =E

98 1445 5 12 E

82 1495 2 6 —

17 1557 22 16 E8

56 1563 6 12 E

36 1575 44 13 —5

56 1587 5 11 E

92 1578 7 14 E

466 1241 39 20 Wien,
511 1241 24 20 den
546 1240 24 20 22.
583 1239 33 20 März
624 1238 43 20 1881.

180 1273 23 20 Sch
211 1270 51 21 erſuche
275 1268 23 20 Sie
304 1267 32 20 zum
347 1266 13 19 4.
374 1264 30 20 Male
410 1263 23 19 um
448 1261 47 20 weitere
506 1261 9 19 6
527 1260 21 19 St.
561 1258 106 21 Gichtapparate,

138 1294 19 19 da
164 1293 21 19 ich
193 1291 50 21 bereits
254 1289 18 20 18
288 1287 23 20 St.
317 1283 67 23 erhalten.

340 1301 85 22 Pochachtend
441 1299 36 20 Hotel
490 1296 65 22 Imperial

295 1325 34 21 Soh.
337 1321 69 23 Frohuer,
410 1317 87 23 kais.-braſtl.
508 1313 104 24 Hof-Sieferant.

141 1365 92 22 Ruppersdorf
242 1365 14 20 B.
264 1362 68 22 Hochſtadt
337 1361 16 20 a.
357 1360 16 20 d.
381 1358 28 20 Ijer
413 1358 14 20 i.
438 1355 63 22 Böhmen,
506 1353 26 20 den
538 1352 16 20 2.
562 1349 53 21 Sanuar
621 1347 40 21 1882.

254 1382 36 20 Sebr
296 1380 58 21 gechrter
365 1378 31 20 Herr
411 1375 53 21 Winter!

162 1405 26 19 Den
196 1404 23 19 mir
227 1403 26 19 von
263 1402 33 20 Guer
311 1398 88 22 Wohlgeboren
400 1397 18 19 in
434 1395 33 20 Mitte
477 1392 69 22 Dezember
549 1391 16 19 v.
570 1390 16 19 S.
590 1386 73 22 gesendeten

145 1423 95 20 Gichtapparat
244 1422 39 19 trage
286 1421 20 19 ich
311 1418 88 21 allnächtlich,
402 1416 25 19 und
435 1413 62 21 verjpüre
505 1410 50 21 wirklich
561 1408 29 20 gute
605 1403 58 22 Wirlung,

135 1443 47 19 indem
189 1442 20 18 ich
219 1440 33 19 nicht
262 1439 24 19 nur
294 1437 40 19 rubig
343 1434 53 20 ſchlafe,
402 1431 56 20 jonden
466 1429 31 19 auch
506 1428 24 19 das
543 1423 83 22 Herzklopfen
635 1421 26 19 und

137 1462 22 19 die
173 1454 148 25 Brujtbeklemmungen
327 1449 100 22 losgeworden
434 1448 29 19 bin.
485 1446 27 19 Für
517 1444 33 19 dieje
560 1443 22 19 mir
588 1439 76 21 verschaffte

141 1478 33 19 Hilfe
187 1476 28 19 mich
223 1473 60 21 höflichft
289 1469 81 21 bedankend,
375 1467 51 20 erſuche
429 1466 22 18 ich
457 1465 22 18 um
495 1462 47 19 weitere
550 1460 76 20 Busendung
636 1459 26 18 von

136 1497 8 19 5
159 1491 108 24 Gichtapparaten
275 1490 23 19 per
308 1484 117 23 Poſtnachnahme.
445 1479 124 23 Hochachtungovoll
575 1476 70 21 ergebenſt

487 1497 45 20 Ottilie
546 1494 64 21 Hübner.

139 1546 72 24 Ebersdorf
215 1545 16 20 a.
235 1543 16 20 N.
257 1542 33 21 Baſa
299 1540 16 20 B.
326 1537 95 23 Böhmiſchkrut
424 1536 14 20 i.
449 1533 115 22 Nieder=Dejterr.
570 1533 14 19 d.
589 1533 24 19 19.
619 1533 14 19 1.
639 1533 25 19 82.

250 1560 33 21 Guer
299 1556 87 22 Wohlgeboren
399 1554 38 20 Herm
455 1552 54 20 Winter!

156 1584 18 20 Da
190 1581 32 20 Shre
240 1577 98 23 Gichtapparate
349 1576 18 19 in
375 1574 59 21 unjerer,
443 1572 42 20 ſowie
494 1572 16 19 in
525 1571 23 19 den
564 1569 99 20 Nachbar-Ge-

136 1601 56 22 meinden
198 1599 30 20 eine
243 1595 85 22 Wunderkraft
334 1594 23 19 bei
360 1592 42 20 jedem
408 1591 54 20 bewirkt
468 1589 49 20 haben,
520 1589 16 19 ſo
542 1588 52 19 erſuche
597 1588 21 19 ich
623 1588 39 19 aber-

136 1620 32 20 mals
174 1619 8 19 6
196 1617 37 20 Stüd
239 1615 39 20 gegen
291 1610 109 22 Poſtnachnahme
406 1610 16 19 zu
428 1608 54 20 ſenden.
504 1606 124 21 Hochachtungsvoll

402 1628 38 20 Fojef
457 1627 69 21 Bammer,
530 1626 14 20 I.
557 1625 105 21 Gemeinderath.

797 1222 91 20 Hochgechrter
902 1223 30 19 Herr
953 1224 52 19 Winter!

721 1241 33 19 Shre
770 1241 103 19 Gichtapparate
886 1242 42 19 wirken
942 1242 30 19 hier
978 1243 15 19 in
1005 1243 23 19 der
1038 1244 73 20 Umgegend
1135 1246 52 20 Wunder
1196 1248 18 19 an

683 1260 49 19 Ruren,
743 1260 16 19 da
772 1260 49 19 bereits
835 1260 18 19 26
869 1260 37 19 Stük
915 1261 18 19 in
948 1261 47 19 meiner
1014 1262 66 20 Gemeinde
1096 1264 22 19 mit
1134 1264 44 20 Erfolg
1192 1266 24 19 ge-

678 1278 49 19 tragen
742 1278 56 19 werden,
807 1279 13 19 ſo
833 1279 51 19 erſuche
898 1280 65 19 wiederum
976 1281 22 19 um
1012 1281 8 19 5
1039 1282 37 19 Stük
1086 1283 22 19 per
1129 1283 87 21 Nachnahme.

712 1297 40 19 Dlasz
760 1297 115 19 b./Sznderkeny,
884 1298 25 19 den
920 1298 13 19 9.
949 1299 32 19 März
988 1299 44 19 1881.

948 1319 40 20 Sojej
1000 1320 69 20 Brinsztle
1080 1321 16 19 m.
1102 1321 21 19 p.,
1137 1322 59 19 Pfarrer.

838 1349 75 21 Riedernſill
917 1351 16 19 in
947 1351 75 20 Salzburg,
1026 1353 23 19 den
1058 1353 26 19 31.
1092 1354 53 20 Sanuar
1151 1354 43 19 1882.

795 1368 38 20 Herrn
854 1369 43 20 dolph
913 1370 53 20 Winter!

719 1388 32 19 Shre
760 1388 88 20 überſandten
864 1390 100 20 Gichtapparate
971 1391 30 19 ſind
1010 1391 37 19 schon
1058 1392 78 20 vergriffen,
1145 1393 25 19 und
1177 1393 35 19 thun

677 1405 32 19 gute
722 1406 58 20 Dienſte,
788 1407 17 19 da
819 1407 32 19 noch
866 1408 53 19 mehrere
935 1409 22 19 mit
973 1410 37 19 Gicht
1018 1410 67 19 behaftete
1098 1411 63 19 Perſonen
1169 1412 45 19 ſolche

680 1423 68 19 Apparate
759 1425 70 19 wünſchen,
838 1426 49 19 erſuche
902 1427 22 18 Sie
935 1428 22 18 mir
967 1428 45 19 wieder
1020 1429 8 18 8
1041 1429 36 18 Stüď
1085 1430 43 18 jolche
1134 1430 17 18 zu
1159 1430 54 18 jenden.

747 1444 94 19 Achtungsvoll

903 1446 45 19 Georg
967 1447 74 19 Müschholf,
1055 1447 139 19 Gemeindevorſtand.

747 1490 69 19 Annaberg
820 1490 15 19 in
849 1490 74 19 Salzburg,
934 1490 81 19 Desterreich,
1022 1491 23 19 den
1054 1491 23 19 20.
1085 1491 57 19 Februar
1151 1492 42 19 1882.

794 1509 39 20 Herrn
844 1508 51 19 Adolph
911 1508 51 19 Winter,
973 1509 56 20 Stettin.

702 1526 51 19 Senden
773 1526 22 18 Sie
811 1526 22 18 mir
848 1526 43 19 wieder
905 1527 8 18 5
924 1527 32 19 gute
974 1527 107 19 Gichtapparate.
1104 1528 32 19 Shre
1146 1528 62 19 früheren

677 1544 8 18 5
698 1544 102 20 Gichtapparate
809 1546 69 18 bewähren
883 1546 27 18 ſich
916 1545 30 19 jehr
953 1545 30 19 gut.

1029 1545 19 18 Rit
1059 1545 87 18 Hochachtung

874 1563 71 21 Leouhard
961 1562 70 20 Schleger,
1043 1562 139 21 Gemeindevorſteher.

1344 1226 38 20 Herrn
1398 1225 48 20 Adolph
1465 1225 54 20 Winter!

1274 1245 59 19 Nachdem
1341 1245 23 19 die
1373 1245 25 19 von
1414 1245 42 19 Shnen
1465 1245 73 19 bezogenen
1557 1246 103 20 Gichtapparate
1668 1247 40 19 gegen
1721 1247 40 19 Rheu-

1234 1264 109 20 matismusleiden
1359 1264 20 19 mit
1388 1263 30 19 sehr
1429 1263 44 19 gutem
1489 1264 54 19 Erfolge
1551 1264 73 19 gebraucht
1635 1265 59 20 wurden,
1702 1266 15 19 ſo
1729 1266 33 19 bitte

1232 1283 67 21 wiederum
1310 1282 23 19 um
1342 1282 8 19 5
1369 1282 40 19 Stück.
1435 1282 28 19 Geld
1474 1282 46 20 anbei.

1290 1302 73 20 Botszowce
1370 1302 83 20 i./Galizien
1462 1302 93 20 i./Dejtreich,
1562 1302 26 20 den
1597 1303 46 20 20./3.
1651 1303 25 20 81.

1539 1321 56 20 Leontin
1610 1322 59 20 Schefer,
1685 1323 60 20 Pfarrer.

1330 1355 41 20 Rosfin
1382 1355 13 19 b.
1415 1355 50 19 Beseriz
1474 1355 16 19 in
1507 1355 63 19 Böhmen,
1578 1355 23 19 den
1613 1355 23 19 27.
1650 1355 38 20 April
1698 1355 43 20 1881.

1347 1373 59 19 Geehrter
1420 1372 40 19 Perr!

1269 1393 25 19 Bor
1308 1392 53 19 einigen
1380 1392 46 19 Wochen
1444 1392 25 19 gab
1485 1391 15 19 es
1516 1391 34 19 nicht
1569 1391 32 19 Rath
1614 1391 20 19 um
1650 1391 22 19 die
1686 1391 73 19 darnieder

1223 1412 63 19 liegende
1302 1411 54 19 Kranke.
1376 1411 22 19 Sch
1413 1411 25 19 gab
1451 1411 25 19 den
1494 1410 58 19 Beschlus
1567 1410 32 19 Shre
1612 1410 34 19 Hilfe
1660 1410 32 19 noch
1701 1410 15 19 in
1735 1409 26 19 An-

1223 1430 48 19 ſpruch
1278 1430 18 19 zu
1310 1430 62 19 nehmen;
1391 1429 8 19 —
1408 1429 33 19 aber
1457 1429 25 19 was
1491 1429 25 19 für
1536 1429 60 19 Stannen
1605 1429 62 19 ertheilte
1678 1429 25 19 Ihr
1718 1429 41 19 Gicht-

1226 1448 68 18 apparat.

1266 1467 22 19 Sch
1300 1467 39 19 werde
1345 1466 25 19 von
1383 1466 63 19 Perſonen
1454 1466 48 19 erſucht
1509 1466 17 18 12
1542 1466 34 18 Stüc
1592 1466 98 19 Gichtapparate
1697 1466 62 19 kommen

1222 1486 17 18 zu
1248 1486 50 18 lasfen,
1307 1485 22 18 der
1346 1485 45 18 Betrag
1403 1485 36 18 folgt
1447 1484 41 19 anbei
1496 1484 41 19 durch
1553 1482 121 20 Post-Anweisung.

1492 1502 28 20 Ioji
1533 1501 52 20 Ulrich,
1603 1501 136 22 Wirthschaftbeſizer.

1284 1518 117 21 Beröffentlichung
1410 1519 35 19 lasse
1452 1520 23 19 ich
1481 1520 35 19 frei!

14 1692 6 12 E

71 1703 6 12 =

54 1717 5 11 ☞
72 1716 5 11 5

55 1770 21 11 —E

15 1769 24 12 =☞

70 1792 5 12 —

72 1798 5 11 —

33 1823 6 14 E

90 1833 7 12 ☞

12 1851 7 15 =

86 1861 7 12 5

13 1876 62 17 BE—E

54 1872 21 12 —=

260 1676 120 23 Unter-Wisterniz
383 1676 13 19 i.
412 1674 57 20 Mähren,
473 1674 25 19 den
506 1673 23 19 12.
540 1673 52 19 Sanuar
598 1673 43 19 1882.

248 1698 33 20 Guer
297 1694 87 22 Woblgeboren
397 1693 38 20 Herrn
446 1692 50 20 Adolph
515 1692 53 19 Winter!

171 1720 47 21 Iudem
224 1719 15 19 in
248 1717 52 21 unjerer
313 1714 66 21 Gemeinde
383 1713 40 20 ſchon
428 1712 35 19 viele
474 1710 100 20 Gichtapparate
583 1710 77 19 vorhanden

128 1739 30 20 ſind
164 1738 27 20 und
198 1737 25 20 alle
231 1735 25 20 von
262 1734 44 20 gutem
320 1732 52 20 Erfolge
375 1731 37 19 ſind,
416 1731 16 19 jo
435 1730 37 19 ſtelle
478 1730 21 19 ich
505 1729 23 19 die
538 1729 35 19 Bitte
579 1729 18 19 an
610 1729 30 19 Sie,
644 1729 16 19 es

128 1759 18 20 zu
152 1754 111 24 veröffentſichen,
269 1752 34 20 denn
307 1752 22 19 ein
336 1750 37 20 jeder
384 1749 35 19 möge
422 1749 25 19 ſich
450 1748 42 19 ſelbſt
498 1748 23 19 bei
525 1748 28 19 uns
560 1748 100 19 Ueberzeugung

130 1774 78 21 verſchaffen
214 1773 27 20 von
250 1771 42 20 dieser
308 1770 61 20 Wirkung,
373 1769 23 19 die
404 1768 15 19 es
426 1767 100 20 hervorbringt.
543 1766 16 19 Es
563 1766 42 19 ſagen
615 1766 45 19 Shnen

128 1794 15 19 in
157 1792 52 20 meinem
224 1791 47 20 Namen
285 1790 28 20 Alle
324 1789 23 19 den
360 1787 81 21 herzlichſten
454 1785 37 20 Dank
500 1785 42 20 Safür
553 1784 25 19 und
590 1783 25 19 der
624 1783 36 19 liebe

136 1813 30 20 Gott
179 1811 35 20 möge
228 1810 23 19 Sie
261 1809 30 20 noch
300 1807 35 20 viele
346 1806 42 20 Sabre
394 1805 40 20 leben
439 1804 52 20 lajen,
500 1803 45 19 damit
557 1803 23 19 Sie
589 1802 33 19 noch
632 1802 28 19 viel

136 1830 39 20 Gutes
181 1829 39 20 unter
226 1828 22 19 der
252 1826 67 20 leidenden
337 1824 72 20 Menſchbeit
413 1823 46 19 ſtiften
463 1822 58 19 können.
539 1822 18 19 So
563 1822 34 19 bitte
598 1821 23 19 ich
627 1821 32 19 noch

126 1851 25 19 für
157 1849 51 20 andere
214 1847 63 20 Beidende
283 1846 18 19 10
314 1845 37 19 Stük
356 1844 23 19 per
392 1842 80 20 Nachnahme
475 1841 49 19 senden
529 1841 18 19 zu
558 1840 52 19 wollen.

359 1862 55 20 Sohann
430 1859 94 21 Tschochohni,
538 1857 103 21 Rirchendiener.

215 1914 78 23 Bijtersdorf
297 1914 16 20 in
327 1910 116 23 Nieder-Desterr.,
448 1910 24 20 den
478 1909 27 20 18.
514 1908 78 21 September
599 1908 41 20 1881.

246 1934 30 20 Guer
294 1931 97 22 Wohlgeboren!

151 1958 25 20 Shr
192 1953 100 23 Gichtapparat,
301 1952 25 20 den
342 1951 23 19 Sie
378 1950 20 19 mir
407 1949 57 20 gesandt
474 1948 50 19 haben,
532 1947 59 19 bewährt
597 1947 28 19 ſich
636 1947 23 19 bei

132 1975 45 20 meiner
188 1974 33 20 Frau
229 1971 89 21 vortrefflich,
327 1970 21 19 ſie
351 1970 21 19 ist
380 1969 25 19 von
412 1968 40 20 ihren
465 1966 74 20 Schmerzen
551 1965 50 20 bereits
609 1964 50 20 befreit

127 1995 32 20 nach
171 1992 62 21 Tragung
239 1990 64 21 desselben
314 1988 59 20 während
377 1987 47 20 kurzer
432 1986 33 19 Zeit,
476 1986 40 19 wefür
522 1985 21 19 ich
551 1984 43 19 Shnen
602 1984 56 19 herzlich

127 2013 40 20 danke
175 2012 28 20 und
219 2011 23 19 Sie
250 2009 40 20 diejes
304 2008 40 20 Attejt
352 2007 30 19 auch
393 2004 105 21 veröffentlichen
504 2003 57 20 können.
577 2003 23 19 Sch
606 2002 53 20 erſuche

134 2032 22 19 Sie
160 2032 25 19 für
191 2030 37 20 einen
239 2028 49 20 Freund
296 2027 32 19 noch
332 2026 39 19 einen
379 2026 23 19 per
415 2024 80 20 Machnahme
498 2024 18 19 zu
520 2023 57 19 ſenden.

189 2050 15 20 Es
211 2048 40 20 grüßt
263 2047 20 20 mit
289 2046 35 20 aller
333 2044 89 21 Hochachtung
434 2043 55 20 Fohann
504 2042 43 19 Kupr,
563 2042 76 19 Gastwirth.

273 2089 65 22 Djakovár
342 2088 16 20 in
370 2085 83 22 Slavonien,
456 2085 23 20 den
488 2084 24 20 19.
523 2082 68 21 Dezember
597 2081 42 20 1881.

241 2109 40 20 Herrn
293 2108 50 20 Adolph
359 2106 53 20 Winter!

154 2131 44 20 Wollen
211 2130 23 19 Sie
242 2129 13 19 ſo
266 2127 56 20 gefällig
328 2126 37 19 ſein,
375 2125 23 19 mir
406 2124 32 19 noch
447 2123 39 19 einen
499 2121 94 21 Gichtapparat
606 2119 50 20 mittelſt

480 2139 93 22 Achtungsvoll

132 2149 80 22 Nachnahme
219 2147 59 21 ehestens
283 2144 76 21 zukommen
362 2143 51 20 lasjen.

319 2164 48 20 Helene
378 2162 72 20 Dzegovic,
463 2161 30 19 Edle
501 2160 25 19 von
539 2158 100 21 Barlabaſevei.

364 2181 53 20 Rönigl.
428 2176 145 24 Vicegeſpannsgattin.

256 2226 76 20 Schäßburg
336 2226 16 19 in
365 2223 107 21 Siebenbürgen,
476 2222 25 19 den
510 2222 13 19 9.
531 2221 57 20 Februar
594 2220 41 20 1882.

240 2245 93 21 Hochgeehrter
343 2244 30 19 Herr
392 2241 52 20 Winter!

149 2269 22 20 Die
178 2267 46 20 früher
230 2265 49 20 bereits
288 2263 75 21 erhaltenen
381 2260 99 21 Gichtapparate
489 2259 71 20 bewähren
563 2259 28 19 ſich
597 2258 55 19 ſämmt-

122 2289 27 20 lich
155 2288 22 19 bei
192 2286 29 19 llen
230 2285 24 19 von
263 2283 43 20 gutemt
320 2281 51 20 Erfolg.
390 2280 22 19 Sch
418 2279 34 19 bitte
461 2278 67 19 abermale
536 2278 20 19 die
565 2277 16 18 5.
593 2277 59 19 Sendung

124 2307 28 20 von
158 2306 18 19 20
189 2304 35 20 Stüc
237 2303 20 19 mit
271 2301 81 21 Nachnahme
355 2299 49 20 jenden
408 2299 18 19 zu
437 2297 52 20 wollen.
514 2294 122 21 Hochachtungsvoll

524 2314 56 20 Sohann
594 2314 42 19 Höhr.

904 1616 35 19 Efeg
942 1616 18 19 in
971 1616 68 19 Kroatien,
1043 1616 25 19 den
1077 1616 22 19 23.
1108 1616 37 19 Febr.
1151 1617 42 19 1882.

796 1636 22 19 Sr.
834 1635 87 20 Wohlgeboren
933 1634 39 19 Herrn
985 1634 49 19 Adolph
1052 1634 49 19 Winter,
1115 1634 57 19 Stettin!

699 1654 20 19 Sch
732 1654 34 19 wäre
773 1654 29 19 sehr
814 1654 82 19 undankbar,
907 1654 34 19 wenn
950 1654 20 19 ich
979 1653 34 19 diese
1027 1653 46 19 Pflicht
1082 1653 63 19 vergesſen
1154 1653 53 19 fönnte,

679 1671 42 19 Ihnen
734 1672 46 19 meinen
792 1672 42 19 besten
845 1673 34 19 Dank
888 1673 22 19 für
922 1673 20 19 die
958 1672 99 19 Dienitleistung
1070 1672 39 19 Shrer
1118 1671 87 20 vielbelobten

680 1690 101 19 Gichtapparate
790 1690 106 19 auszuſprechen,
900 1691 15 19 zu
924 1691 101 19 verabsäumen.
1036 1691 22 19 Ich
1063 1691 42 19 trage
1111 1691 20 19 die
1142 1691 65 19 Apparate

670 1710 27 19 jeit
704 1710 27 19 dem
740 1710 25 19 12.
773 1710 51 19 Sanuar
830 1709 44 19 1882,
881 1709 25 19 und
912 1709 39 19 heute
955 1709 34 19 kann
993 1709 22 19 ich
1019 1709 37 19 schon
1067 1708 22 19 mit
1095 1708 22 19 der
1124 1708 82 19 bestimmten

675 1727 75 20 Zuverſicht
759 1728 51 19 hoffen,
818 1728 29 19 bald
859 1728 34 19 ganz
907 1728 25 19 von
950 1728 51 19 meinem
1009 1728 18 19 16
1031 1727 65 19 jährigen
1114 1725 92 20 Rüďenmart-

671 1745 46 19 llebel
723 1746 48 19 befreit
775 1746 17 19 3u
799 1746 34 19 jein.
858 1746 24 18 Run
889 1746 24 18 zur
925 1746 93 19 Anerkennung
1031 1745 46 19 meiner
1090 1744 91 19 Dankbarkeit,
1188 1744 18 19 da

671 1764 22 18 ich
699 1764 20 18 ſie
732 1764 78 19 Sedermann
821 1765 50 18 bestens
880 1765 74 18 empfehlen
964 1765 43 18 kann,
1016 1764 50 18 erſuche
1075 1764 22 18 ich
1105 1764 24 18 für
1141 1763 66 19 bekannte

673 1782 61 19 Leidende
743 1782 30 19 noch
782 1783 15 19 10
813 1783 35 19 Stück
852 1783 49 19 jenden
907 1782 15 19 zu
934 1782 52 19 wollen.
1011 1781 124 20 Hochachtungsvoll

1058 1801 58 19 Bictoria
1130 1801 56 19 Lehner.

805 1843 62 20 Bregenz,
875 1842 61 20 Borarlb.
941 1842 15 19 in
967 1842 45 19 Tirol,
1016 1842 23 19 den
1048 1842 25 19 20.
1079 1842 59 19 Februar
1145 1842 42 19 1882.

794 1861 53 21 Werther
856 1860 34 20 Herr
906 1859 51 19 Winter!

696 1880 17 19 Da
720 1880 20 19 ich
749 1880 25 19 vor
777 1880 53 19 einiger
839 1880 27 19 Zeit
873 1879 36 19 einen
923 1879 58 19 Apparat
987 1879 27 19 von
1025 1879 41 19 Shnen
1073 1879 55 19 bezogen
1137 1879 34 19 habe
1177 1879 26 18 und

671 1897 27 19 nun
707 1897 44 19 ſelber
760 1898 30 19 jehr
801 1898 30 19 gute
849 1899 53 19 Wirkung
918 1899 51 19 machte,
976 1898 15 19 jo
1004 1898 32 19 bitte
1045 1898 22 19 ich
1081 1897 27 19 Sie,
1115 1896 44 19 indem
1172 1896 31 19 noch

676 1916 54 19 mehrere
743 1916 71 19 Perſonen,
822 1916 32 19 auch
863 1916 37 19 Arme
914 1916 63 19 darunter
988 1916 37 19 ſind,
1031 1916 27 19 daß
1075 1916 23 19 Sie
1111 1916 23 19 mir
1142 1916 8 19 5
1168 1916 35 19 Stüc

671 1933 9 19 à
688 1934 9 19 3
712 1935 13 19 l.
732 1936 86 19 verabfolgen
824 1935 51 20 lanen.

1041 1934 44 19 Xaver
1103 1935 47 19 Riene.

997 1952 192 21 Sprengwaaren-Handlung.

765 1996 57 21 Viktriag
829 1996 23 20 bei
861 1994 79 20 Klagenfurt
944 1994 16 19 in
973 1993 62 19 Rärnten,
1042 1993 23 19 den
1074 1993 13 19 1.
1103 1994 33 19 März
1142 1994 42 19 1882.

788 2015 32 20 Guer
836 2012 100 20 Wohlgeboren!

694 2033 17 19 Da
720 2033 20 19 ich
751 2033 24 19 von
787 2033 22 19 der
823 2032 96 19 wohlthuenden
937 2032 55 19 Wirkung
1003 2032 41 19 Shrer
1058 2031 101 19 Gichtapparate
1175 2031 27 19 mich

669 2051 41 18 jelbſt
728 2051 62 18 berzeugt
798 2051 41 18 habe,
843 2051 15 18 ſo
867 2051 31 18 bitte
907 2051 20 18 ich
940 2051 22 18 mir
973 2051 31 18 noch
1013 2051 8 18 1
1036 2050 34 18 Stüď
1081 2050 38 19 gegen
1135 2049 67 19 Poſtnach-

670 2069 48 19 nahme
723 2069 48 19 senden
777 2069 16 19 zu
805 2069 51 19 wollen.
877 2069 90 19 Achtungsvoll
991 2069 61 19 Laurenz
1066 2069 53 19 Altejch,
1131 2069 61 19 Pfarrer.

676 2124 23 19 Sr.
713 2124 101 19 Hochwohlgeb.
827 2124 37 19 Herrn
881 2124 49 19 Adolph
951 2123 50 19 Winter,
1017 2122 54 20 Stettin.

712 2144 25 19 Shr
750 2143 60 19 Apparat
822 2143 25 19 hat
858 2143 22 19 bei
894 2142 20 19 mir
927 2142 20 19 die
967 2142 56 19 Wirkung
1032 2142 60 19 erzeugt,
1104 2142 25 19 und
1147 2142 27 19 muß
1185 2142 16 19 es

673 2161 84 19 wahrgetäß
770 2161 65 19 gestehen,
846 2161 27 18 daß
882 2161 20 18 ich
920 2161 46 19 meinen
977 2161 51 19 rechten
1041 2161 27 19 Fuß
1081 2160 25 19 und
1124 2160 29 19 Arm
1167 2160 32 19 halb

670 2180 61 19 gelähmt
740 2180 44 19 hatte,
797 2179 22 19 wie
828 2179 32 19 auch
874 2179 30 19 mein
919 2178 77 19 Rücdenbein
1005 2178 15 19 ſo
1027 2178 63 19 krajtlos
1096 2179 44 19 hatte,
1146 2179 27 19 daß
1180 2179 21 19 ich

670 2199 51 19 nebüät
732 2198 41 19 gehen
786 2198 48 19 mußte,
843 2198 25 19 und
881 2198 25 18 nur
914 2198 46 19 einige
976 2198 44 18 Rächte
1031 2198 34 18 hatte
1073 2198 20 18 ich
1104 2198 25 18 den
1142 2198 60 19 Apparat

668 2216 78 19 gebraucht,
754 2216 27 19 und
790 2216 20 19 ift
826 2216 20 19 mir
865 2216 30 19 Gott
903 2216 20 19 ſei
939 2216 35 19 Dank
983 2216 18 19 in
1009 2216 30 19 dem
1057 2216 78 19 Mücďenbein
1144 2217 15 19 ſo
1173 2217 28 19 gut,

669 2233 27 20 Saß
702 2235 22 19 ich
735 2236 46 19 gerade
792 2236 41 19 gehen
841 2234 42 20 kann.

1064 2236 15 19 F.
1093 2236 88 19 Schulmann,

694 2254 107 19 Brennereileiter
812 2254 15 18 b.
843 2254 22 18 Sr.
881 2253 86 18 Durchlaucht
985 2253 22 18 St.
1020 2254 36 18 Fürst
1072 2254 15 18 A.
1110 2254 62 19 Windirg:
1184 2254 15 18 in

721 2273 50 20 Leskow
784 2273 16 19 B.
811 2272 63 20 Sabloniz
883 2271 73 20 i./Ungarn
967 2271 23 19 den
1002 2271 23 19 12.
1037 2271 58 19 Februar
1104 2272 43 20 1881.

1239 1557 74 19 Frauenzell
1324 1557 13 18 b.
1350 1557 110 19 Rimrathshofen
1468 1557 13 18 i.
1494 1557 58 19 Bayern,
1561 1558 24 19 den
1596 1558 22 19 13.
1634 1558 50 19 Sanuar
1696 1559 43 19 1881.

1250 1574 92 19 Hochgeehrter
1352 1574 39 19 perr!
1407 1574 32 19 Sind
1452 1575 22 19 Sie
1479 1575 15 19 ſo
1500 1575 80 19 freundlich,
1584 1576 27 19 und
1617 1576 49 19 senden
1677 1577 22 19 Sie
1710 1578 46 19 wieder

1221 1593 25 19 für
1259 1593 37 19 einen
1312 1593 47 19 armen
1377 1593 54 19 Rnaben
1444 1593 39 19 einen
1506 1594 99 20 Gichtapparat.
1633 1595 22 19 Sie
1669 1596 87 20 freundlichst

1221 1611 59 19 grüßend
1291 1611 64 19 verbleibe
1364 1611 20 19 ich
1405 1611 25 19 Shr
1439 1611 69 19 ergebener
1525 1612 54 19 Eduard
1597 1613 66 20 Böheuir,
1678 1614 61 20 Pfarrer.

1243 1629 30 19 NB.
1289 1629 16 19 An
1318 1629 28 19 mich
1356 1629 42 19 wurde
1405 1629 25 19 von
1439 1630 52 19 überall
1499 1630 88 20 geschrieben,
1591 1632 15 19 ob
1616 1632 25 19 das
1652 1633 57 20 Zeugniß
1722 1634 36 20 wahr

1217 1648 28 19 ſei.
1268 1648 35 19 llein
1311 1648 20 19 ich
1337 1648 35 19 habe
1381 1648 51 19 überall
1438 1648 111 20 hingeschrieben,
1556 1650 27 19 daß
1592 1650 15 19 es
1613 1651 15 19 ſo
1633 1651 27 19 ſei,
1666 1652 63 20 lediglich
1736 1654 20 19 die

1219 1666 37 19 reine
1272 1666 66 19 Wahrheit.
1356 1666 23 19 Sie
1389 1666 44 19 wirken
1442 1667 27 19 hier
1473 1667 32 19 vom
1512 1668 114 20 ausgezeichneten
1639 1670 58 20 Erfolge.
1715 1671 15 19 D.
1739 1672 17 19 D.

1299 1703 82 19 Rottalowiz
1390 1703 23 19 bei
1427 1703 79 20 Holleschau,
1524 1704 57 20 Mähren,
1591 1705 23 19 den
1625 1706 15 19 5.
1652 1706 35 20 April
1693 1707 44 20 1879.

1337 1722 27 18 Ew.
1385 1722 99 18 Wohlgeboren!

1261 1739 23 18 Die
1294 1739 49 19 früher
1354 1739 51 19 bereits
1415 1740 77 19 erhaltenen
1510 1741 41 19 Retten
1567 1742 46 20 hatten
1624 1744 77 21 sämmtlich
1715 1746 39 20 guten

1224 1757 53 18 Erfolg.
1300 1758 20 18 Sch
1333 1758 32 19 bitte
1376 1758 77 19 abermals,
1468 1759 22 19 mir
1504 1760 32 19 noch
1549 1761 8 19 4
1575 1761 77 20 Gichtketten
1663 1763 24 19 für
1701 1764 8 19 4
1717 1765 40 20 arme

1224 1775 67 18 Patienten
1300 1776 46 19 senden
1357 1776 15 18 zu
1388 1776 51 19 wollen.
1464 1777 67 20 Nochmals
1544 1779 41 19 vielen
1603 1780 40 20 Dank.

1337 1793 125 23 Hochachtungsvoll
1488 1797 36 20 Soh.
1535 1798 53 20 Blazej,
1594 1799 53 20 kathol.
1656 1800 63 20 Pfarrer.

1323 1833 24 20 St.
1361 1834 16 20 B.
1388 1834 34 20 Fran
1430 1835 14 20 i.
1455 1835 49 20 Thale,
1518 1836 56 21 Schnalz
1583 1838 16 20 B.
1612 1839 41 21 Bozen
1662 1840 16 20 in
1692 1841 46 21 Zirol,

1451 1854 24 20 den
1486 1855 24 20 15.
1523 1856 39 20 April
1571 1857 45 20 1881.

1333 1870 33 18 Herr
1379 1870 16 19 I.
1413 1871 52 21 Winter!

1259 1888 107 20 Unterzeichneter
1379 1889 40 19 bittet
1437 1890 44 20 wieder
1494 1892 20 19 um
1528 1892 30 19 eine
1569 1893 35 20 recht
1617 1894 54 20 baldige
1689 1896 63 21 Sendung

1218 1906 25 19 von
1256 1907 8 18 4
1280 1907 37 19 Stüd
1337 1907 110 20 Gichtapparaten
1463 1909 22 19 per
1500 1910 117 21 Poſtnachnahme.
1643 1913 77 20 Gefertigter
1728 1915 24 19 hat

1214 1926 39 19 ſchon
1264 1926 8 18 6
1302 1926 15 19 al
1333 1927 103 20 Gichtapparate
1444 1928 27 19 von
1482 1929 44 19 Shnen
1536 1930 86 20 genommen,
1631 1932 27 19 und
1666 1933 22 19 die
1704 1934 48 20 meisten

1218 1944 36 18 Leute
1266 1944 41 18 haben
1325 1945 67 19 Beslerung
1403 1945 61 19 erlangt.

1305 1962 18 19 In
1334 1963 32 19 aller
1382 1964 88 21 Hochachtung
1479 1966 59 20 zeichnet
1544 1968 27 19 ſich

1521 1985 34 20 Seb.
1567 1986 94 21 Innerhofer,
1675 1988 61 21 Pfarrer.

1307 2020 58 19 Zederſiz
1376 2020 13 19 b.
1403 2020 55 20 Hollfeld
1467 2021 13 19 i.
1494 2021 60 20 Bayern,
1562 2023 23 20 den
1597 2023 16 19 3.
1626 2024 52 21 Dktober
1690 2026 43 20 1881.

1337 2037 59 19 Geehrter
1409 2038 30 19 Herr
1459 2039 54 19 Winter!

1258 2056 20 19 Sch
1289 2056 23 19 bin
1320 2056 27 19 seit
1356 2057 27 19 dem
1399 2057 61 19 Feldzuge
1471 2058 61 20 1870/71
1540 2060 32 19 jehr
1581 2060 54 20 leidend
1648 2062 63 20 gewesen,
1725 2064 28 19 was

1213 2074 20 19 ich
1244 2074 20 19 mir
1273 2074 56 19 daſelbst
1332 2075 73 20 zugezogen
1414 2077 42 19 habe;
1462 2077 25 19 alle
1493 2078 70 20 ärztlichen
1579 2079 39 19 Mittel
1624 2080 32 19 habe
1662 2081 89 21 angewendet

1215 2093 27 19 und
1253 2093 41 19 nichts
1306 2094 37 19 half;
1351 2095 20 19 ich
1384 2095 44 19 wurde
1434 2096 44 19 ſogar
1491 2097 8 19 4
1506 2097 25 19 mal
1541 2098 51 19 operirt
1606 2099 25 19 und
1644 2100 22 19 die
1682 2100 71 20 Krankheit

1214 2112 41 19 stellte
1259 2113 27 19 ſich
1295 2113 49 19 immer
1354 2114 46 19 wieder
1407 2114 29 19 ein,
1443 2115 27 19 alle
1481 2115 44 19 Nerzte
1533 2116 75 20 zweifelten
1614 2118 41 19 ſogar
1664 2119 17 19 an
1700 2119 53 20 Wieder-

1215 2131 80 20 herstellung
1309 2132 46 19 meiner
1373 2133 82 20 Gesundheit.
1479 2135 42 19 Durch
1534 2136 32 19 Shre
1582 2137 66 20 Apparate
1659 2138 63 20 gelangte
1728 2139 23 19 ich

1220 2148 43 20 wieder
1272 2149 15 19 zu
1303 2150 46 20 meiner
1360 2152 55 20 vorigen
1433 2154 77 20 Gejundheit
1523 2155 25 19 und
1564 2156 49 19 werden
1623 2157 42 19 daher
1680 2157 32 19 Shre
1727 2157 26 19 Ap-

1214 2167 48 19 parate
1273 2169 20 19 als
1311 2169 50 19 Wunder
1372 2170 74 20 anerkannt
1454 2172 27 19 und
1490 2173 27 19 alle
1525 2173 43 19 Leute,
1574 2174 22 19 die
1607 2175 29 19 mich
1645 2176 43 19 zuvor
1694 2177 53 19 gesehen

1215 2186 25 19 und
1248 2187 29 19 jezt
1282 2188 46 19 ſehen,
1334 2189 51 19 sagen,
1386 2190 18 19 es
1410 2190 20 19 ist
1436 2191 39 19 kaum
1481 2192 15 19 zu
1504 2192 65 20 glauben,
1578 2193 34 19 denn
1621 2194 22 19 die
1654 2195 44 19 Lerzte
1701 2196 48 19 jagten

1213 2205 27 19 alle
1251 2206 15 19 zu
1284 2207 29 19 Dir,
1322 2207 15 19 es
1345 2208 34 19 kann
1397 2209 22 19 Dir
1428 2210 37 19 nicht
1478 2211 34 19 mehr
1525 2212 60 20 geholfen
1601 2213 55 20 werden.
1679 2215 20 19 Sch
1712 2216 40 19 aber,

1215 2224 58 20 geehrter
1285 2225 32 19 Herr
1335 2226 51 20 Winter,
1395 2228 23 19 bin
1428 2228 39 19 durch
1478 2229 32 19 Shre
1524 2230 66 20 Apparate
1598 2231 30 19 jeht
1641 2232 44 19 wieder
1696 2233 56 20 gesund,

1213 2242 27 19 und
1253 2243 34 19 kann
1301 2244 27 19 und
1346 2245 27 19 muß
1388 2246 32 19 Shre
1433 2247 67 20 Apparate
1514 2249 32 19 aufs
1559 2249 34 19 beste
1602 2250 75 20 empfehlen
1687 2252 27 19 und
1725 2252 22 19 bin

1213 2261 41 19 daher
1268 2262 46 19 wieder
1322 2263 25 19 von
1358 2264 53 19 einigen
1427 2265 63 20 Perſonen
1501 2267 86 20 beauftragt,
1596 2268 8 19 6
1622 2269 34 19 Stüc
1664 2270 48 19 ſolcher
1726 2271 26 19 Ap-

1213 2281 49 19 parate
1270 2281 25 19 per
1309 2281 111 20 Poſtnachnahme
1428 2283 60 20 kommen
1497 2284 17 19 zu
1523 2285 51 20 lassen.

1343 2300 22 20 Mit
1379 2300 87 21 Hochachtung

1529 2305 26 19 Ihr
1563 2306 72 21 ergebener

1456 2321 57 21 Sohann
1531 2323 84 21 Dörnhöjer,
1630 2325 102 20 Schuhmacher.

1212 2335 25 19 und
1251 2335 66 20 nochmals
1333 2337 47 20 meinen
1389 2338 69 20 innigsten
1474 2340 35 20 Dank
1518 2341 59 20 geehrter
1590 2342 32 20 Herr
1643 2343 51 20 Winter.

25 2515 26 18 EE

318 2355 54 20 Maschau
378 2354 15 19 in
407 2352 64 20 Böhmen,
475 2352 25 19 den
506 2351 16 19 7.
530 2350 57 20 Februar
593 2350 42 19 1882.

185 2377 32 20 Guer
233 2374 88 21 Wohlgeboren
326 2373 30 19 jehr
362 2372 61 20 gechrter
432 2371 33 19 Herr
480 2370 54 19 Winter!

150 2396 59 22 Nachdem
210 2396 20 20 ich
235 2395 23 20 bei
259 2394 23 20 der
293 2391 89 21 Gichtkranken
383 2390 47 20 (Inna
441 2389 40 20 Abel),
489 2388 43 19 welche
538 2388 40 19 Shren
587 2388 67 19 Apparrat

124 2419 8 19 2
150 2416 49 21 konate
203 2414 44 20 trägt,
251 2412 44 20 ſchöne
309 2410 52 20 Erfolge
366 2409 64 20 bemerke,
433 2408 23 19 ein
467 2407 59 19 Apparat
530 2407 45 19 jedoch
582 2407 23 19 fur
611 2407 21 19 ſie
635 2407 16 19 zu

122 2435 55 21 ſchwach
181 2434 27 19 ist,
212 2432 50 20 erſuche
266 2431 20 19 ich
296 2430 22 19 mir
329 2428 48 20 weitere
381 2428 8 19 5
400 2427 65 19 Apparate
471 2426 18 19 zu
492 2426 53 19 ſenden.
558 2426 18 18 15
584 2426 20 18 Fl.
605 2426 46 18 folgen

357 2446 71 20 Ergebener
447 2445 76 19 Ferdinand
541 2445 55 19 Bayſch.

123 2455 24 21 per
158 2450 113 23 Poſtanweijung.

190 2492 45 21 Seiner
255 2489 86 21 Wohlgeboren
357 2488 40 20 Herrn
411 2487 50 19 Adolph
479 2487 50 19 Winter,
542 2487 56 19 Stettin.

170 2511 42 21 Womit
221 2510 23 20 ich
255 2509 25 20 dem
301 2507 40 20 Herrn
359 2506 50 20 Adolph
430 2505 45 19 Winter
488 2505 16 19 zu
524 2504 48 19 Stettin
585 2504 69 19 bestätige,

122 2533 25 20 daß
168 2531 37 20 meine
221 2529 39 20 Frau,
279 2527 42 20 welche
331 2526 25 19 seit
370 2525 49 20 langer
435 2524 28 19 Zeit
476 2524 42 19 heftig
531 2524 18 19 an
565 2523 88 19 gichtartigen

127 2548 108 23 Rheumatismus
249 2546 27 20 und
296 2543 111 21 Nervenſchwäche
418 2542 18 19 zu
451 2541 44 19 leiden
511 2541 44 19 hatte,
570 2541 33 19 nach
613 2541 41 19 zwei-

127 2567 82 22 monatlichen
225 2565 63 21 Gebrauch
297 2564 22 19 des
330 2563 25 19 von
366 2561 73 20 demjelben
447 2560 80 19 erfundenen
543 2560 110 19 Gichtableitung-

125 2586 73 21 Apparates
209 2583 80 21 vollſtändig
295 2582 49 20 geheilt
355 2581 49 20 wurde,
410 2580 42 19 daher
456 2579 23 19 ich
485 2579 42 19 diejen
537 2578 62 19 Ayparat
610 2578 44 19 Sever-

125 2606 44 21 mann,
185 2604 51 21 welcher
250 2603 18 19 an
279 2601 47 20 diejem
344 2600 37 20 Nebel
390 2599 47 19 leidet,
450 2598 28 19 anf
486 2598 25 19 das
530 2598 35 19 Beſte
576 2598 78 19 empjehlen

120 2625 44 21 lann,
173 2623 34 20 ohne
218 2622 27 20 daß
254 2620 44 20 damit
307 2619 20 19 ein
343 2618 76 20 Schwindel
427 2617 81 19 verbunden
516 2617 26 19 ist.

149 2644 25 20 Laa
185 2642 34 20 a./d.
233 2640 44 20 Thana
285 2637 149 22 i./Rieder-Destreich,
442 2636 23 19 den
476 2636 47 19 16./2.
526 2636 45 19 1881.

285 2657 57 20 Mathias
353 2656 92 20 Steinbauer,
453 2656 14 20 k.
470 2656 14 20 k.
496 2655 138 20 Gerichts-Canzeliſt.

860 2318 54 19 Türnau
920 2318 15 19 in
953 2318 56 19 Mähren,
1015 2318 22 19 den
1046 2318 25 19 22.
1080 2318 51 19 Sanuar
1140 2319 39 19 1882.

784 2338 39 20 Herrn
844 2337 39 19 Wolph
901 2337 51 18 Winter,
965 2337 55 19 Stettin.

691 2357 24 18 Bor
722 2357 39 19 allem
769 2357 58 19 anderen
833 2356 41 18 danke
880 2356 20 18 ich
904 2356 22 18 im
942 2356 46 18 Namen
1001 2356 57 18 mehrerer
1067 2356 72 18 Leidenden
1147 2356 24 18 für
1178 2356 21 18 die

672 2375 56 19 Heilung
736 2375 27 19 von
776 2375 101 19 WMagenkrampf
884 2375 41 19 durch
934 2375 32 19 Shre
981 2375 63 19 Apparate
1055 2375 25 19 und
1091 2375 65 19 empfehle
1163 2375 36 19 selbe

664 2393 44 19 jedem
717 2393 70 19 Reidenden
797 2392 25 19 auf
830 2392 25 19 das
871 2392 63 19 wärmite,
940 2392 17 18 da
966 2392 22 18 ich
992 2392 41 18 jelbst
1042 2392 27 18 von
1077 2392 24 19 den
1110 2392 86 19 obgedachten

668 2412 46 19 Leiden
725 2411 48 19 befreit
789 2411 46 19 wurde.
860 2411 51 18 Erjuche
921 2411 22 18 um
964 2411 200 18 Postnachnahme-Zusendung
1174 2411 24 18 für

667 2430 49 19 andere
724 2431 60 19 Leidende
791 2431 8 18 5
814 2431 34 19 Stüď
864 2429 101 20 Gichtapparate
971 2429 25 19 und
1004 2427 51 20 zeichne

981 2446 38 19 Albin
1035 2447 50 20 Hader,
1099 2448 82 20 Raufmann.

826 2447 94 21 Achtungsvoll

843 2494 60 18 Bukareft
907 2494 15 18 in
936 2494 79 19 Rumänien,
1019 2494 24 19 den
1050 2494 15 18 5.
1074 2494 58 19 Februar
1138 2495 42 19 1882.

784 2514 39 20 Herrn
841 2512 41 19 dolvh
900 2512 51 18 Winter,
962 2512 58 20 Stettin!

688 2533 34 19 Shre
733 2532 67 19 Apparate
808 2532 70 19 Bewähren
887 2532 32 18 ſich,
927 2532 29 18 eine
972 2532 46 18 Dame,
1027 2532 20 18 die
1055 2532 39 19 durch
1102 2532 96 19 rheumatische

673 2551 73 19 Schmerzen
752 2550 68 19 schlafloje
834 2550 44 19 Rächte
884 2550 44 19 hatte,
932 2550 58 19 befindet
994 2550 32 19 ſich,
1032 2550 53 19 jeitdem
1092 2550 20 19 ſie
1121 2550 22 19 den
1157 2551 42 19 Apa-

664 2571 25 19 rat
697 2570 55 19 bemzt,
758 2569 46 19 beffer,
810 2569 15 18 in
834 2569 22 18 der
862 2569 43 18 ersten
919 2569 39 18 Macht
966 2569 46 18 konnte
1018 2569 20 18 ſie
1044 2569 38 19 schon
1089 2569 41 19 ruhig
1133 2570 65 19 schlafen.

671 2589 55 19 Hiermit
730 2589 38 18 jende
779 2588 43 18 Sihnen
831 2588 15 18 30
861 2588 55 18 Gulden,
922 2588 34 18 bitte
967 2588 22 18 mir
995 2588 55 18 ſogleich
1059 2588 22 18 per
1094 2588 29 18 Post
1129 2589 17 18 10
1162 2589 34 19 Stüc

873 2604 23 19 Mit
899 2604 34 19 aller
945 2604 58 21 Achtung

665 2607 47 20 franko
718 2608 15 19 zu
740 2608 55 19 ſenden.

959 2624 52 20 Rudolf
1027 2624 67 20 Schwalb,
1106 2624 73 21 Apotheker.

988 2643 39 20 Salea
1039 2643 49 20 moſilor
1103 2644 24 20 Nr.
1131 2644 25 20 91.

1220 2372 34 20 Groß
1265 2373 51 20 Demſin
1327 2374 16 20 B.
1355 2374 56 20 Genthin
1427 2375 71 21 Reg.-Bez.
1517 2377 83 21 Magdeburg,
1606 2379 16 20 d.
1631 2379 23 20 22.
1666 2380 31 20 Dez.
1706 2381 43 20 1881.

1332 2392 59 20 Gechrter
1407 2394 33 19 Herr
1453 2395 13 19 I.
1486 2395 53 19 Winter!

1255 2409 18 19 Es
1279 2410 20 19 iſt
1307 2410 22 19 bis
1340 2411 37 19 heute
1385 2412 27 19 erst
1421 2412 30 19 eine
1468 2413 37 19 Woche
1516 2414 84 20 vergangen,
1608 2416 22 19 als
1637 2417 22 19 ich
1670 2418 44 19 Shnen
1725 2419 22 19 um

1212 2427 37 19 einen
1267 2428 97 20 Gichtapparat
1374 2430 30 19 bat,
1414 2431 58 20 derſelbe
1484 2432 56 20 erſchien
1553 2433 23 19 am
1589 2434 92 21 vergangeneu
1693 2437 55 20 Freitag

1220 2446 87 20 Rachmittag,
1318 2448 23 19 wie
1354 2448 23 19 wir
1383 2449 27 19 ihn
1419 2450 66 20 erwartet
1495 2451 51 20 hatten.
1569 2453 18 19 Da
1603 2453 39 19 meine
1655 2454 54 20 Tochter
1720 2455 25 19 den

1213 2464 49 19 ganzen
1273 2466 27 19 Tag
1309 2466 30 19 faft
1347 2467 34 19 ohne
1395 2468 73 20 Besinnung
1476 2469 32 19 lag,
1514 2470 15 19 jo
1536 2470 46 19 legten
1593 2471 22 19 wir
1624 2472 70 20 denselben
1703 2473 45 19 jofort

1211 2484 27 19 an,
1244 2484 36 19 schon
1291 2485 34 19 nach
1334 2486 36 19 einer
1386 2487 53 19 Stunde
1452 2488 41 19 waren
1509 2489 43 19 Hände
1561 2490 27 19 und
1598 2491 34 19 Füße
1646 2492 48 19 warm,
1700 2493 22 19 die
1731 2494 15 19 ſo

1210 2502 41 19 lange
1262 2503 53 19 eijekalt
1334 2504 39 19 waren
1386 2505 27 19 und
1424 2506 41 19 dieser
1477 2506 30 19 böse
1524 2507 92 20 Starrkrampf
1629 2509 34 19 blieb
1677 2510 68 20 denſelben

1217 2521 41 19 Ibend
1267 2522 39 19 ſchon
1312 2523 27 19 aus
1348 2523 27 19 und
1383 2524 25 19 hat
1412 2524 27 19 ſich
1448 2525 22 19 bis
1481 2526 37 19 heute
1524 2526 29 19 noch
1564 2527 34 19 nicht
1612 2528 46 19 wieder
1664 2529 82 20 eingestellt;

1212 2539 20 19 die
1251 2540 75 20 Geschwulft
1337 2542 18 19 an
1370 2542 37 19 Arme
1421 2543 25 19 und
1464 2544 37 19 Beine
1509 2545 20 19 ist
1538 2545 73 20 zusehends
1624 2547 63 20 gefallen,
1693 2548 13 19 ſo
1717 2548 27 19 daß

1210 2558 63 20 ſieheute
1282 2559 37 19 schon
1325 2560 42 19 seloft
1370 2561 27 19 frei
1401 2562 18 19 in
1430 2562 22 19 der
1466 2563 39 19 Stube
1516 2564 46 19 umher
1569 2565 42 19 gehen
1617 2565 42 19 kann.
1670 2566 23 19 Um
1703 2566 42 19 Shren

1216 2577 34 19 Rath
1257 2578 32 19 aber
1297 2579 15 19 zu
1318 2579 53 19 folgen,
1380 2580 34 19 bitte
1421 2581 22 19 ich
1457 2581 22 19 Sie
1488 2582 60 19 geehrter
1559 2583 37 19 Herr,
1602 2583 25 19 für
1643 2584 37 19 meine
1690 2584 53 19 Tochter

1211 2596 32 19 noch
1249 2596 37 19 einen
1294 2597 25 19 und
1330 2598 25 19 für
1363 2598 48 19 andere
1420 2599 60 19 Leidende
1489 2600 8 19 5
1513 2601 34 19 Stück
1556 2601 15 19 zu
1577 2602 56 19 senden.
1649 2603 25 19 Shr
1684 2603 60 19 Apparat

1211 2615 24 19 hat
1249 2616 53 19 wirklich
1310 2617 39 19 einen
1369 2617 95 20 Wunderdienſt
1473 2619 65 19 geleiſtet,
1553 2620 41 19 wofiir
1600 2621 22 19 ich
1636 2622 43 19 Shnen
1697 2623 46 19 meinen

1210 2633 100 21 aufrichtigſten
1327 2635 33 19 Dank
1369 2635 39 20 jage.

1496 2639 125 20 Hochachtungsvoll

1524 2657 52 21 Auguſt
1591 2658 60 21 Brandt,
1666 2658 61 21 Schäfer.

776 2704 34 19 Drud
815 2703 22 18 von
848 2703 15 18 G.
871 2703 47 18 Runbler
925 2703 8 18 s
941 2703 31 18 Sohn
978 2703 15 18 in
1004 2703 83 19 Greifenhagen.
