1828 2830
81 149 37 25 tích
135 148 72 26 železnic
222 147 21 25 už
254 145 97 27 hotových;
362 143 49 26 vozba
423 142 33 26 tak
471 139 84 28 vynucena
564 137 39 27 býti

90 172 45 24 může
148 171 57 24 cestou
218 169 120 26 expropriační
345 166 68 26 jakožto
424 161 110 28 služebnost!

139 194 97 26 Brněnské
257 191 103 27 biskupství
371 188 100 27 obsazeno.
494 186 32 25 Dr.
547 184 58 26 Frant.

88 220 81 27 Bauer,
180 218 63 26 ředitel
251 214 149 28 arcibiskupského
411 211 85 26 semináře
506 209 99 26 pražského,

85 244 93 27 jmenován
191 243 32 25 byl
234 239 87 27 biskupem
337 235 111 27 brněnským.
461 234 23 24 Ve
495 232 57 25 středu
562 231 44 25 sdě-

82 268 41 25 leno
138 266 41 25 dru.
193 263 91 27 Bauerovi,
292 262 20 25 že
326 260 79 26 papežská
418 258 51 25 kurie
480 257 60 25 ničeho
550 255 56 25 nena-

92 289 49 26 mítá.
155 288 30 25 Dr.
199 287 52 26 Bauer
265 286 33 25 čítá
312 285 43 25 nyní
366 284 21 25 41
397 283 36 25 let.
454 282 99 26 Nástupcem
564 282 40 25 jeho

89 313 11 25 v
114 312 48 26 Praze
177 311 30 25 prý
214 310 42 25 bude
277 309 52 25 mladý
334 308 55 25 hrabě
397 307 105 26 Schönborn,
513 306 94 25 dosavadní

85 337 97 26 vicerektor
193 336 11 25 v
215 335 84 26 semináři
314 335 11 25 a
339 333 49 26 bratr
406 331 116 27 místodržitele
542 329 62 26 morav-

140 383 107 25 Mimořádná
261 382 68 24 schůze
349 380 129 26 zastupitelstva
492 379 41 24 obce
552 377 53 25 zdejší

101 406 56 23 volená
173 405 21 22 na
210 405 21 23 93
250 405 15 22 t.
285 404 10 22 m
319 404 18 23 na
353 403 76 23 nříčinou
442 401 87 24 schválení
540 400 64 23 nového

85 361 63 25 ského.

632 134 60 27 cestou
704 133 77 27 offertní.
792 132 57 26 Kauce
861 131 64 26 obnáší
933 131 47 26 6200
995 131 34 26 zl.,
1038 130 47 26 která
1100 130 51 26 budiž

638 160 17 25 ve
666 157 74 27 státních
755 156 87 25 papírech.

686 182 56 26 Kůzle
756 181 78 26 uškrtilo
849 180 46 26 dítě.
926 179 56 26 Minulé
997 177 69 26 pondělí
1080 177 40 26 udál
1132 176 18 25 se

637 207 11 25 v
665 206 42 25 Mýtě
719 205 11 25 u
748 204 68 26 Zbirova
827 203 77 25 zvláštní
915 203 93 25 politování
1020 202 55 25 hodný
1086 202 68 25 případ.

637 231 45 26 3letý
697 230 42 25 hoch
750 228 92 26 tamějšího
854 227 83 26 cvočkáře
958 226 17 25 J.
989 226 55 25 Sůchy
1065 226 52 25 vlezlo
1131 226 20 25 do

634 254 73 26 chléva,
715 253 42 25 kdež
768 252 76 26 nalezalo
856 252 20 25 se
887 251 86 25 provazem
981 250 11 24 k
1006 250 48 25 žlabu
1062 250 89 25 přivázané

637 280 54 26 kůzle.
708 278 48 25 Hošík
765 277 39 25 hrál
811 277 20 25 si
833 277 11 25 s
855 275 92 26 kůzletem,
958 274 30 25 při
989 274 48 25 čemž
1045 273 108 25 bezpochyby

638 304 52 25 upadl
701 304 10 24 a
725 302 34 24 sice
770 302 31 24 tak
815 300 95 25 neštastně,
918 299 19 24 že
948 299 19 24 se
987 299 22 24 mu
1023 298 62 24 provaz
1098 298 53 24 otočil

640 328 53 25 kolem
706 327 50 25 krku.
770 325 62 25 Rodiče
846 324 50 24 hocha
910 324 35 24 sice
955 323 44 24 záhy
1013 323 87 24 pohřešili,
1110 323 41 24 bylo

640 353 38 25 však
689 352 26 25 již
728 351 56 25 pozdě.
799 349 59 25 Kůzle,
869 348 47 25 které
930 347 84 25 vymotati
1022 347 20 24 se
1047 346 66 24 chtělo,
1120 346 34 24 ta-

625 377 50 25 chalo
686 376 32 25 tak
732 374 59 25 dlouho
802 374 20 24 za
836 372 68 25 provaz,
912 372 20 24 až
945 371 53 25 ubohé
1012 370 35 24 dítě
1058 369 81 25 uškrtilo.

689 396 120 25 Vezhednosf.
826 395 50 24 Tento
892 394 53 24 týden
962 392 83 25 napadeni
1062 391 38 24 byli
1119 391 29 24 dva

622 484 89 30 Deutsches
731 487 107 29 Reichsgesetz
853 489 61 28 1876.

1199 128 212 47 Jednatelé
1445 128 44 47 se
1511 128 173 47 hledají.

1229 181 47 25 Jistý
1287 181 124 25 zasýlatelský
1423 181 72 25 obchod
1507 181 11 25 s
1533 181 56 26 kávou
1611 181 11 25 v
1643 180 53 26 Ham-

1180 207 60 25 burku
1251 207 20 24 (5
1288 207 48 24 Kilo,
1344 206 29 24 též
1387 206 10 24 v
1409 206 79 25 pytlech)
1499 205 48 24 hledá
1554 205 91 25 spolehlivé
1657 205 41 24 jed-

1179 231 55 26 nátele
1242 230 30 25 pro
1280 230 68 25 severní
1350 230 11 25 a
1366 229 45 25 jižní
1423 229 87 25 Německo,
1518 229 176 26 Rakousko-Uhersko

1177 256 11 25 a
1202 255 55 26 Čechy
1269 255 30 25 pro
1317 254 49 25 města
1378 254 11 25 i
1400 253 72 25 venkov.
1492 252 75 25 Nabídky
1579 252 53 25 ihned
1642 252 56 25 zasý-

1175 280 43 26 lány
1236 279 63 26 buďtež
1317 279 33 25 pod
1365 278 53 26 šifrou
1439 278 37 25 „H.
1485 278 11 25 o
1507 277 72 25 2318“
1601 277 21 25 na
1636 277 59 25 firmu

1186 303 117 28 Haasenstein
1320 303 12 27 &
1348 302 68 28 Vogler
1429 302 12 27 v
1457 300 114 29 Hamburku.

1392 365 97 29 Vkusné

1488 405 23 66 s
1505 403 158 69 dvírkami

1502 511 17 21 m.
1527 511 50 22 široké
1579 510 31 21 jest
1618 510 18 21 za
1640 510 56 21 levnou

1498 530 58 22 lájka
1575 530 10 22 v
1595 529 104 23 Domažlicích.

252 507 125 39 Sejczlich

277 560 51 29 gegen

470 506 68 27 1g20d9p
551 506 10 27 d

507 547 5 13 ☞

1052 526 20 27 od
1078 526 9 27 i

1168 525 124 34 Gesezlich

1199 575 52 26 gegen

125 793 12 27 1

189 599 237 40 Nachahmung

238 654 126 36 geschüzt.

712 726 102 21 Schuzmarte

575 767 41 23 Srau
632 768 72 23 Emille
732 770 78 24 Winter,
828 772 118 24 Grcifenhagen.

1107 610 237 45 Nachahmung

1157 666 128 36 gefchüizt.

1490 604 206 64 krajky.

1495 677 52 25 ským
1555 678 83 25 kostelem
1652 676 47 26 ztra-

1508 701 68 25 krajky,
1587 702 30 25 jež
1634 702 11 25 k
1662 701 36 25 vůli

1497 724 73 24 Nálezce,
1578 724 38 24 jenž
1625 724 70 24 odevzdá

1495 749 17 25 V.
1524 749 111 25 Schnabla
1650 749 50 25 vedle

1498 773 25 26 ed
1538 773 11 26 2
1562 773 25 26 zl.
1595 773 105 26 odměny.

281 846 243 83 Sicherſte
568 851 154 81 Hülse
746 854 164 80 gegen
973 858 134 80 Gicht
1141 860 105 79 und

541 948 154 82 deren
749 954 220 79 Solgen.

1037 948 29 27 bn
1079 946 70 28 sdnočis

1019 1004 13 27 e
1044 1004 55 27 naniol
1107 1003 17 27 te

1078 1032 33 28 nich
1117 1030 83 29 7sgivodze

1049 1035 17 26 dr

1223 974 12 28 1
1269 971 54 29 odsitů

1490 866 159 84 ELE

1502 959 63 21 vřeny
1583 959 69 21 budou
1673 960 25 21 od

1502 980 9 21 v
1523 980 43 21 nich
1582 980 65 21 úplně
1659 980 41 21 jest

1502 1000 31 20 ele
1541 1000 41 21 tyto
1597 997 101 23 nacháze-

1514 1017 67 21 slouží
1597 1017 61 21 velmi
1673 1017 23 21 ku

1353 1059 14 29 R

280 1110 18 26 ie
306 1110 57 26 größte
378 1109 90 26 Erfindung
480 1109 28 26 ver
526 1109 93 26 Gegenwart
631 1109 37 26 ſind
687 1109 27 26 die
730 1109 31 26 von
782 1109 27 26 mir
819 1109 103 26 erfundenen
940 1110 225 28 Rheumatismus-Apparate
1189 1113 24 26 mit
1222 1113 54 27 einem
1291 1115 87 27 doppelten

1498 1059 33 23 zeň.

1496 1087 40 23 Int.
1550 1087 71 23 Pavlík,

1498 1109 46 23 mlýn,
1552 1109 55 23 hořejší
1614 1107 92 25 předměstí.

148 1146 137 27 Wärmeableiter;
294 1146 44 26 dieje
352 1145 47 26 meine
410 1145 82 26 Apparate
501 1145 98 25 übertreffen
611 1145 27 25 die
646 1145 79 25 früheren
737 1145 27 25 um
775 1145 37 25 eine
830 1145 134 26 zehnfache
1002 1147 130 27 Seiltraft.
1163 1149 24 26 Es
1199 1149 50 26 haben
1257 1150 34 26 ſich
1295 1151 21 26 in
1328 1151 47 26 Folge

139 1175 51 26 deſſen
201 1175 41 26 viele
261 1174 94 26 Nachahmer
366 1174 77 26 gefunden
458 1174 31 26 und
501 1174 34 26 das
550 1174 84 26 Bublikum
649 1174 54 26 wurde
711 1175 28 26 oft
747 1175 37 26 irre
793 1175 80 26 geführt;
879 1175 21 26 ſo
912 1176 31 26 hat
958 1176 21 26 E.
1004 1176 80 27 Winter,
1106 1177 77 27 Berlin,
1198 1178 143 28 Gitschinerſtraße,
1346 1180 31 26 ein

146 1203 22 26 H.
192 1202 81 26 Winter,
291 1202 78 26 Berlin,
373 1202 31 26 fich
416 1202 28 26 als
453 1202 51 26 erſter
519 1202 71 26 Erfinder
601 1202 110 26 ausgegeben.
740 1202 44 26 Beide
806 1202 54 26 Namen
869 1203 38 26 find
922 1203 71 27 gekauft,
1007 1204 28 26 um
1047 1205 21 26 ſo
1080 1205 31 26 das
1130 1206 84 27 Bublikum
1222 1207 38 27 irre
1271 1208 24 26 3u
1311 1209 69 27 führen.

146 1229 137 27 Fachmänner
299 1229 39 27 und
363 1229 93 27 Gelehrte
472 1229 69 27 haben
563 1229 59 27 meine
645 1229 120 27 Erfindung
777 1230 35 27 als
828 1231 32 27 die
872 1231 79 27 gröite
963 1232 25 27 in
1001 1232 35 27 der
1062 1233 134 29 Elektrizität
1211 1236 117 29 gepriefen,
1343 1238 37 27 und

138 1258 41 26 viele
187 1258 51 26 große
253 1258 107 26 Zeitschriften
372 1258 31 26 und
421 1258 87 26 Zeitungen
517 1259 74 26 ſprechen
599 1259 34 26 ſich
649 1259 24 26 mit
688 1259 107 27 Pochachtung
814 1260 41 26 über
870 1261 67 26 dieſelbe
955 1262 41 26 aus.
1028 1262 21 26 Es
1067 1263 51 26 haben
1137 1263 41 26 viele
1202 1264 80 27 Lauſende
1308 1266 72 27 Schwer-

135 1285 84 26 leidender
227 1286 38 26 ihre
283 1286 94 26 Gesundheit
385 1287 48 26 durch
448 1288 48 26 meine
510 1288 81 26 Apparate
603 1289 87 27 gefunden,
698 1290 34 26 und
751 1290 48 26 meine
814 1291 71 27 Aufgabe
893 1292 34 26 ſoll
936 1292 18 26 es
965 1292 44 26 ſein,
1015 1293 21 26 in
1048 1293 44 26 allen
1100 1294 71 27 Vändern
1186 1295 47 26 meine
1245 1295 90 27 Erfindung
1347 1297 28 26 den

138 1315 87 27 Beidenden
234 1316 97 26 zugänglich
339 1316 21 26 zu
375 1315 69 27 machen.

262 1346 21 25 Wo
300 1346 47 25 meine
362 1346 82 26 Apparate
449 1347 34 25 ſich
497 1347 72 26 Eingang
581 1347 85 26 verschafft
678 1348 59 26 haben,
758 1349 59 26 werden
829 1349 24 25 oft
865 1350 27 26 bis
903 1350 21 25 zu
936 1350 34 26 100
987 1351 40 26 nach
1036 1352 53 26 einem
1110 1352 37 26 Drte
1158 1353 108 27 nachbestellt.
1297 1355 27 26 Sch
1336 1356 43 26 hoffe

135 1375 18 25 ſo
164 1375 37 25 dem
219 1375 83 26 Bublikum
313 1375 31 25 den
355 1375 50 26 besten
427 1376 50 26 Dienſt
485 1376 21 26 zu
518 1376 76 26 erweiſen
602 1377 34 26 und
644 1377 18 26 es
670 1377 31 26 vor
716 1377 69 26 Schaden
790 1378 21 26 zu
823 1378 99 27 bewahren;
936 1380 50 26 würde
991 1380 27 26 ich
1024 1381 53 26 dieſes
1086 1382 40 26 nicht
1134 1382 76 27 beweiſen
1215 1384 73 27 können,
1293 1385 21 26 ſo
1326 1386 53 26 würde

132 1404 27 25 ich
178 1404 27 25 mir
213 1404 37 25 eine
258 1404 76 26 strabare
349 1404 89 26 Handlung
446 1404 21 25 zu
488 1405 76 26 Schulden
575 1405 72 26 kommen
655 1406 63 26 lasſen.
749 1406 88 26 Lußerdem
849 1407 117 26 veröffentliche
978 1408 24 26 ich
1011 1409 46 26 keine
1075 1409 117 27 Dantschreiben
1214 1411 33 26 und
1272 1412 66 26 Atteste;
1353 1413 30 26 oft

136 1431 60 26 glaubt
204 1431 54 26 ſolche
266 1431 34 25 das
315 1431 83 26 Bublikum
409 1431 54 26 nicht;
471 1431 44 26 viele
529 1432 76 26 wünſchen
614 1432 21 26 es
650 1432 47 26 nicht,
712 1433 34 26 daß
757 1433 40 26 ihre
819 1433 57 26 Ramen
894 1434 34 26 und
949 1435 105 27 Krankheieen
1070 1436 21 26 in
1109 1437 27 26 die
1161 1438 122 27 Deffentlichkeit
1297 1440 86 27 kommen:

140 1458 67 26 wünſcht
215 1458 70 26 dennoch
299 1459 66 26 Semand
387 1459 53 26 Utteſte
452 1459 31 26 von
504 1460 86 26 Geheilten,
595 1460 21 26 ſo
627 1461 27 26 bin
666 1461 27 26 ich
702 1461 40 26 gern
754 1462 60 26 bereit,
822 1462 11 26 3
845 1463 27 26 bis
884 1463 11 26 4
907 1463 118 27 Dankſchreiben
1040 1465 115 27 mitzuſchicken.
1179 1467 95 27 Beidenden,
1283 1468 27 26 die
1322 1469 56 26 meinen

141 1489 70 26 Apparat
223 1489 41 26 noch
273 1489 44 26 nicht
325 1489 64 26 gesehen
401 1489 60 26 haben,
470 1489 37 26 gebe
516 1489 27 26 ich
552 1489 37 26 eine
598 1489 47 26 kurze
664 1489 121 26 Deschreibung.

270 1525 92 27 Derselbe
368 1525 28 26 iſt
402 1525 22 26 in
435 1525 55 27 einer
513 1525 126 27 Bewegung,
648 1526 38 27 das
698 1526 69 27 heißt,
782 1527 55 27 wenn
846 1527 22 27 er
880 1527 32 27 am
927 1528 79 27 Rörper
1015 1529 102 27 angelegt
1133 1530 59 27 wird;
1207 1531 55 27 dann
1271 1531 114 28 entſtrömt

146 1555 118 27 demſelben
273 1556 46 27 eine
345 1556 80 27 Wärme,
435 1556 32 27 die
472 1557 39 27 ſich
524 1557 32 27 der
575 1557 97 27 Apparat
682 1558 111 28 aneignet.
819 1559 132 28 Sámmtliche
970 1560 63 27 Poren
1046 1560 70 27 öffnen
1125 1561 39 27 ſich
1173 1561 53 27 beim
1248 1561 87 28 Anlegen
1348 1562 37 27 des

155 1588 111 27 Apparats
281 1588 39 27 und
332 1588 29 27 iſt
373 1588 36 27 der
427 1588 97 27 Apparat
536 1588 22 27 ſo
573 1588 124 27 konſtruirt,
710 1588 42 27 daß
764 1588 22 27 er
801 1588 127 28 ſämmtliche
941 1589 120 28 ungejunde
1080 1591 175 29 Lusdünſtungen
1267 1593 119 29 annimmt.

155 1619 79 27 Sobald
246 1619 25 27 er
284 1619 49 27 vom
348 1619 79 27 Rörper
436 1619 96 27 entfernt
547 1619 56 27 wird,
615 1620 56 27 dann
683 1620 89 27 entleert
781 1620 22 27 er
811 1620 35 27 ſich
862 1621 35 27 des
909 1621 177 28 angenommenen
1106 1623 120 28 gichtischen
1248 1624 86 27 Stoffes.
1356 1625 30 27 Bei

151 1651 145 26 Schwerleidenden
311 1651 58 26 müusſen
381 1651 11 26 2
411 1651 81 26 Apparate
504 1651 88 26 gebraucht
607 1651 68 26 werden,
684 1651 45 26 einer
744 1651 28 26 am
787 1651 51 26 Zage,
847 1652 31 26 der
890 1652 61 26 andere
960 1653 31 26 des
1010 1653 64 27 Machts.
1099 1654 71 27 Schwere
1189 1655 58 27 Leiden
1259 1655 34 26 find
1319 1656 64 27 Gicht,

157 1681 184 28 Rheumatismus,
371 1681 191 28 Nervenschwäche,
592 1682 100 28 Epilepſie
711 1682 43 28 und
785 1682 107 28 Krämpfe,
928 1683 166 28 Magenkrampf,
1128 1684 187 29 Schwerhörigkeit
1338 1686 43 28 und

153 1713 243 27 Hámorrhoidalleiden.

1494 1158 51 26 nému
1567 1157 18 26 P.
1597 1157 21 26 T.
1627 1155 76 27 obecen-

1499 1218 105 49 KOU

1501 1276 188 69 ADU

1514 1354 51 24 dobré
1572 1354 39 24 pivo
1622 1354 11 24 a
1640 1354 63 25 řádnou

1496 1382 29 24 no.
1551 1382 11 23 —
1575 1381 104 24 Doporučuje
1687 1381 19 24 se

1514 1405 81 24 návštěvě
1605 1405 32 24 zve

1558 1428 16 24 ve
1585 1428 26 24 vší
1612 1428 38 23 úctě

1514 1452 62 30 ANT.
1586 1450 102 32 HOLUB.

1504 1503 25 42 s

1508 1548 84 30 koruny“

1495 1586 28 28 ho
1547 1585 90 29 umělce

1506 1631 172 60 hyby

1500 1700 34 24 jem
1548 1700 10 23 a
1568 1699 36 23 paní
1618 1700 43 24 Anny
1668 1701 37 24 Chy-

1505 1721 81 22 zpěvačky.

1496 1743 47 25 odin.

257 1748 28 26 Bei
293 1747 64 26 Ieichten
372 1747 67 26 Leiden,
454 1747 219 26 Augenentzündung,
695 1747 100 26 Flechten,
824 1748 120 27 Ausschlag,
965 1748 182 28 Bahnschmerzen,
1170 1751 169 28 Ropfschmerzen
1354 1753 28 26 ist

137 1776 47 26 einer
194 1776 27 25 des
243 1776 53 25 Nachts
307 1775 21 25 zu
336 1775 75 25 tragen;
426 1775 82 25 Rindern,
516 1775 27 25 die
551 1775 24 25 an
593 1775 62 25 Bahnen
663 1775 66 25 Ieiden,
734 1775 37 25 legt
785 1776 33 25 man
830 1776 85 26 denſelben
923 1777 33 25 alle
965 1777 11 25 4
994 1777 59 26 Wochen
1058 1778 72 26 einmal,
1142 1779 33 26 und
1180 1780 46 26 zwar
1235 1781 27 26 am
1276 1781 40 26 Zage
1321 1782 24 26 an
1353 1783 29 26 bei

133 1807 63 26 ſolchen
208 1806 34 26 von
254 1806 11 26 3
293 1805 70 26 Monaten
374 1805 28 26 bis
413 1805 11 26 4
436 1804 70 26 Bahren;
511 1804 34 26 das
559 1804 57 26 Mähere
621 1804 44 25 lehrt
670 1804 27 25 die
712 1804 193 26 Gebrauchsanweiſung,
911 1805 27 26 die
943 1805 27 26 bei
972 1805 53 26 jedem
1037 1806 73 26 Apparat
1119 1807 96 27 betgegeben
1229 1808 44 26 wird.
1297 1810 83 27 Beidende,

137 1835 28 26 die
175 1835 24 26 an
211 1834 53 26 lalten
279 1833 53 26 Füßen
343 1833 34 26 und
392 1832 66 26 Händen
466 1832 66 26 leiden,
537 1832 53 25 ſowie
608 1832 82 25 Blutarme
698 1832 63 25 können
769 1832 40 25 jest
814 1832 59 26 ſagen,
882 1832 33 26 baß
927 1833 30 26 das
966 1833 59 26 läſtige
1037 1834 33 26 und
1076 1834 88 26 künſtkiche
1176 1836 105 27 Fußwärmen
1289 1838 34 26 ſein
1334 1838 48 26 Ende

137 1862 52 27 durch
197 1861 42 26 dieſe
254 1861 68 27 wichtige
337 1860 88 27 Erfindung
441 1860 65 26 erreicht
518 1860 38 26 hat,
572 1860 31 26 die
618 1860 88 26 größten
732 1861 115 27 Schmerzen
862 1861 65 27 hören
943 1862 35 26 oft
990 1862 51 27 nach
1060 1863 11 26 5
1103 1863 88 27 Minuten
1210 1865 65 27 durch
1300 1866 75 27 meinen

147 1890 97 28 Apparat
257 1889 51 27 auf.

261 1917 37 25 Mein
316 1917 72 25 Apparat
396 1916 43 25 kann
448 1916 21 25 in
480 1916 43 25 einer
541 1916 66 25 Familie
621 1916 75 25 getragen
714 1917 69 26 werden;
798 1917 21 25 da
836 1918 56 26 jedoch
907 1919 27 25 oft
949 1919 69 26 erbliche
1039 1920 101 27 Krantheiten
1158 1922 110 27 vorkommen,
1286 1925 37 26 gebe
1344 1926 33 26 man

137 1945 84 26 denſelben
232 1945 41 26 nicht
281 1945 21 26 in
314 1944 60 26 andere
389 1944 87 26 Familten,
491 1944 31 26 nur
537 1944 21 26 in
583 1945 93 26 Nothfällen.
710 1945 27 26 Ich
753 1945 70 26 bemerke
838 1946 44 26 noch,
894 1947 34 26 soll
940 1947 37 26 eine
992 1948 83 27 dauernde
1094 1949 31 26 und
1140 1950 67 27 schnelle
1225 1951 47 27 Hälfe
1284 1952 31 26 bei
1323 1953 54 27 einem

137 1973 57 26 fáhwer
206 1972 87 26 Reidenden
301 1972 90 26 eintreten,
403 1972 18 26 ſo
435 1972 38 26 ſind
495 1972 11 26 2
527 1972 83 26 Apparate
623 1972 21 26 zu
655 1973 106 26 gebrauchen,
777 1973 31 26 der
823 1974 37 26 eine
869 1974 31 26 des
915 1975 64 27 Machts,
987 1976 27 26 der
1026 1976 60 27 andere
1098 1978 28 26 am
1144 1978 47 27 Tage,
1200 1979 54 27 damit
1263 1981 31 26 ſich
1305 1982 28 26 der
1345 1983 38 27 eine

137 2000 32 26 des
180 2000 138 26 angenommenen
329 2001 88 26 gichtischen
439 2001 61 26 Stoffes
515 2001 71 26 währeno
598 2002 51 26 diejer
664 2002 35 26 Zeit
714 2002 84 27 entlehren
814 2003 51 27 Iann.
900 2004 35 26 Das
959 2005 114 28 Beschwerliche
1089 2007 41 27 beim
1155 2008 61 27 Tragen
1235 2009 31 27 des
1288 2010 91 28 Apparates

134 2031 42 26 fält
187 2031 71 26 gänzlich
273 2031 32 26 weg
316 2030 32 26 und
359 2030 25 26 ijt
393 2030 31 26 das
442 2030 55 26 Ziehen
508 2030 28 26 ein
548 2030 114 26 angenehmes.
694 2031 84 27 Leivende,
793 2032 25 26 Sie
830 2032 48 26 durch
893 2033 58 27 meinen
965 2034 74 27 Apparat
1051 2035 87 28 hergestellt
1147 2037 48 27 ſind,
1204 2038 77 28 brauchen
1293 2040 84 28 denſelben

138 2061 42 26 nicht
194 2061 42 26 mehr
244 2060 22 26 zu
274 2060 71 26 tragen;
354 2060 25 26 im
404 2060 55 26 Winter
467 2060 25 26 iſt
500 2060 21 26 er
530 2060 55 26 jedoch
597 2060 28 26 am
640 2060 45 26 Tage
693 2060 121 27 umzuhängen,
826 2061 21 26 da
859 2061 68 27 baburch
936 2062 28 26 die
972 2062 51 27 lalten
1042 2063 41 27 Füße
1095 2064 91 27 vermieden
1202 2065 69 27 werden.

257 2089 22 26 Es
293 2089 58 26 werden
370 2089 28 26 den
413 2089 85 26 Leidenden
520 2089 81 26 Proſpekte
610 2089 75 26 gejandt,
710 2089 88 27 Gichtletten
813 2090 18 26 u.
840 2090 18 26 6.
870 2090 18 26 w.
910 2090 55 27 werden
983 2091 51 27 ihnen
1049 2092 31 26 als
1096 2092 108 28 unfehlbares
1226 2094 88 28 Heilmittel
1329 2096 53 27 ange=

138 2118 71 26 prieſen,
220 2118 35 26 von
270 2118 51 26 denen
335 2118 48 26 Beder
395 2117 28 26 der
431 2117 41 26 erſte
487 2117 74 26 Erſinder
570 2118 34 26 ſein
619 2118 44 26 will;
678 2118 100 26 bekanntlich
787 2119 51 26 greiſt
850 2119 28 26 der
893 2120 57 26 Kranke
962 2120 41 26 nach
1011 2121 51 27 einem
1084 2122 107 28 Strohhalm,
1206 2124 28 26 um
1242 2125 34 27 ſich
1285 2126 21 26 zu
1321 2126 59 27 retten,

141 2147 35 26 wiro
188 2147 42 26 aber
238 2147 28 26 oft
274 2147 28 26 ein
321 2146 48 26 Opfer
381 2146 28 26 der
424 2146 118 26 Sewinnjucht.
574 2146 28 26 Die
621 2146 121 27 verloctenoſten
771 2147 128 27 Dankschreiben,
921 2148 105 27 Auspugung
1044 2150 28 26 der
1098 2150 88 27 Proſpekte,
1201 2152 25 27 oft
1241 2153 51 27 ſogar
1307 2154 75 28 ärztiche

147 2175 142 27 Beglaubigungen
301 2175 34 26 und
357 2175 139 26 Begutachtungen
504 2175 37 26 find
553 2175 28 26 die
592 2175 103 26 Pospeiſen,
704 2175 28 26 die
746 2175 34 26 man
792 2176 70 26 benust,
874 2177 27 26 um
913 2177 54 26 ſeinen
995 2178 103 27 Mitmenſchen
1113 2180 37 26 noch
1162 2181 34 26 das
1207 2182 47 27 Lezte
1263 2183 119 28 abzunehmen.

144 2205 21 26 Es
180 2205 60 26 werden
258 2204 112 26 Geldſummen
381 2204 76 26 geboteu,
472 2204 40 25 wenn
530 2204 47 25 Einer
589 2204 34 26 dem
641 2204 73 26 Erfinder
722 2204 53 26 etwas
797 2205 82 26 Unrechtes
891 2206 89 26 nachweist,
995 2207 27 26 oft
1027 2207 37 26 find
1076 2208 21 26 es
1115 2209 40 26 aber
1176 2210 53 26 Leute,
1244 2211 27 26 die
1283 2212 34 26 ſich
1332 2213 47 26 einen

145 2234 56 27 Ramen
212 2233 59 27 kaufen
284 2233 32 27 und
341 2233 12 27 —
362 2232 29 27 ein
402 2232 49 27 neuer
474 2232 73 27 Erfinder
555 2232 25 27 iſt
586 2232 28 27 da.
643 2232 42 27 Diese
694 2233 45 27 Leute
748 2233 66 27 nehmen
823 2234 28 27 für
857 2234 39 27 eine
908 2234 79 28 Gichtkelte
993 2235 39 27 oder
1033 2236 49 27 einen
1094 2237 79 28 Apparat,
1186 2239 25 27 wie
1216 2239 25 27 ſie
1243 2240 22 27 es
1274 2240 69 28 nennen,
1352 2242 29 27 pco

1498 1801 177 37 serty,

1507 1834 30 24 pro
1547 1831 48 26 časté

1506 1857 54 29 mení,

1502 1884 59 25 insert
1572 1884 58 24 tento,
1640 1885 44 25 stojí

1496 1908 11 32 č
1529 1908 15 32 1
1561 1909 43 33 zl.,

1505 1942 30 26 kr.

1501 2004 141 114 ojů

1498 2121 104 24 nejlevnějších
1612 2121 10 22 s
1626 2121 57 22 úplnou

1502 2143 18 22 po
1532 2142 9 21 1
1554 2142 26 22 zl.
1590 2142 64 21 týdně
1666 2142 18 22 za

1515 2160 85 24 Vyučování
1610 2162 10 22 v
1627 2162 27 22 šití
1664 2162 18 22 na

1502 2203 34 25 Čís.
1541 2203 21 25 63
1574 2203 31 25 dol.
1610 2203 59 25 předm.

169 2342 52 26 budou
235 2338 102 27 opecenstvu
354 2335 96 25 pristupny.
475 2334 64 24 Vyrvny
549 2334 69 23 zaprava

105 2365 62 26 dvorní
178 2363 46 26 erar.
251 2362 46 26 Nyní
308 2361 21 25 už
340 2358 81 27 objednal
432 2357 27 26 dr.
473 2355 55 26 Holub
540 2353 36 26 300
590 2352 28 26 be-

105 2388 30 25 den
150 2388 18 25 ze
182 2387 91 26 švédského
290 2386 46 26 dříví
350 2385 20 25 ze
388 2381 135 29 Skandinávska.
544 2377 74 28 Zároveň

105 2410 84 25 objednal
196 2411 21 25 si
228 2411 30 24 dva
272 2411 61 25 zručné
344 2408 108 27 služebníky,
464 2407 45 26 kteří
517 2406 20 25 se
551 2405 11 25 v
567 2402 53 27 zaba-

103 2433 60 25 lování
174 2434 11 24 a
195 2434 76 25 zasýlání
285 2435 73 25 vyznají.

159 2458 67 24 Počasi
236 2459 73 23 studené
320 2459 10 23 s
340 2457 76 24 nočními
433 2456 55 25 mrazy
495 2453 75 26 skončilo
578 2450 43 25 snad

104 2479 27 25 již
147 2480 66 25 mrazem
229 2482 11 24 v
251 2482 38 24 noci
300 2482 20 24 na
337 2482 29 24 21.
377 2482 17 24 t.
410 2481 20 24 m.
450 2480 50 25 Dnem
514 2478 32 25 tím
560 2476 61 26 počalo

107 2504 57 25 počasí
175 2504 47 24 teplé
231 2504 10 24 a
255 2504 38 25 trvá
310 2505 59 26 dosud.

159 2525 21 25 Na
190 2526 33 25 trh
237 2527 67 25 zdejší,
312 2528 92 24 odbývaný
414 2528 29 25 zde
461 2527 32 25 25.
505 2524 70 26 května,
588 2522 34 26 při-

108 2551 60 25 veženo
179 2551 20 24 na
217 2551 20 24 41
251 2550 79 25 povozech
345 2550 36 24 147
398 2550 48 24 Hktl.
457 2550 76 24 pšenice,
544 2550 23 24 94
579 2550 43 24 Hktl.

106 2576 44 25 žita,
161 2575 23 25 11
201 2574 47 25 Hktl.
256 2574 78 25 ječmene
342 2574 11 24 a
370 2574 20 24 75
410 2574 45 25 Hktl.
465 2575 48 25 ovsa.

159 2599 37 24 Daň
210 2599 19 24 ze
243 2598 31 24 psů
292 2598 83 24 vstoupila
389 2598 10 24 v
416 2598 50 24 městě
482 2598 59 24 našem
558 2598 41 24 opět
612 2598 11 24 v

109 2623 67 26 činnosť
187 2623 10 25 a
209 2621 82 26 započato
303 2621 11 25 s
321 2621 111 25 rozdáváním
446 2621 95 25 platebních
546 2621 74 25 rozkazů

107 2649 51 26 tento
168 2647 60 26 týden.
252 2646 10 24 Z
277 2645 72 25 každého
360 2645 20 24 ať
391 2645 110 24 jakéhokoliv
514 2645 30 24 psa
561 2645 64 25 obnáší

111 2673 30 25 daň
152 2672 21 25 ta
184 2671 52 26 ročně
248 2670 11 25 1
271 2669 25 25 zl.

157 2696 58 27 Sklad
224 2694 71 27 tabáku
309 2693 11 25 v
335 2691 109 26 Klatovech,
452 2691 52 25 jehož
515 2691 43 25 čistý
569 2691 53 25 výnos

110 2721 52 26 dosud
174 2719 75 26 obnášel
257 2718 52 26 ročně
320 2717 46 26 1270
378 2717 27 25 zl.
413 2716 24 25 95
448 2715 37 25 kr.,
499 2714 88 26 pronajme
601 2713 21 25 se

1552 2265 75 39 OO0

788 2334 557 100 Fotografickou
1389 2332 190 83 dílnu

697 2444 70 30 zařídil
776 2443 23 29 si
813 2440 99 31 nížepsaný
928 2440 13 29 v
957 2437 88 30 zahradě
1058 2436 23 29 p.
1091 2435 70 30 Josefa
1177 2432 139 31 Kratochvíle,
1326 2431 24 29 č.
1362 2430 52 29 dom.
1423 2429 27 29 64
1459 2429 24 29 na
1495 2427 96 30 hořejším
1607 2426 62 29 před-

704 2474 56 29 městí
775 2473 13 28 v
804 2468 134 32 Domažiicích.

757 2501 74 30 Jelikož
843 2499 46 29 jsem
905 2497 22 28 už
943 2495 43 29 přes
1002 2495 12 27 2
1030 2493 47 28 roky
1088 2492 22 28 co
1126 2489 116 30 samostatný
1261 2486 95 29 pomocník
1375 2486 12 27 v
1399 2485 50 28 dílně
1469 2484 19 27 p.
1507 2484 23 27 H.
1541 2483 123 28 Kranzfeldra

697 2534 12 28 k
728 2529 110 31 všeobecné
854 2524 142 32 spokojenosti
1016 2521 100 30 veškerých
1138 2520 23 28 P.
1180 2519 23 28 T.
1215 2516 107 30 zákazníků
1338 2515 34 28 byl
1390 2513 97 29 pracoval,
1506 2512 65 28 protož
1583 2512 23 28 se
1622 2511 48 28 nyní

697 2561 39 28 tím
755 2559 39 28 více
806 2556 84 29 zdařilou
905 2555 46 28 svou
967 2553 53 28 prací
1032 2552 12 27 a
1059 2549 128 30 přičinlivostí
1199 2546 125 29 velectěnému
1340 2544 111 28 obecenstvu
1470 2544 50 27 vřele
1535 2542 112 28 odporučuji
1654 2542 12 27 a

1343 2583 12 26 S
1363 2583 45 26 úctou
1419 2583 38 26 vždy
1466 2581 66 27 úslužný

697 2593 12 28 o
725 2590 68 30 hojnou
808 2587 64 29 přízeň
885 2584 78 30 srdečně
979 2581 78 30 prosím.

1210 2613 161 34 Josef
1429 2608 238 36 Tauber,

1362 2645 104 25 fotograf.

730 2679 748 63 0000000000000000000000
