1887 2847
407 52 90 62 Von
541 52 137 62 vieſen
729 53 177 63 Aerzten
949 54 271 64 anerkannt
1256 56 90 63 und
1382 57 278 65 empfohſen.

719 125 115 36 Attefte
859 125 65 36 und
963 125 270 37 Dankschreiben.

303 168 96 22 Ringenwalde
406 168 17 21 b.
435 167 82 21 Busterwiz,
527 167 51 21 1.-M.,
585 167 27 21 ben
619 167 27 20 16.
661 167 33 21 März
701 167 45 21 1878.

294 188 60 21 Gechrter
369 187 32 20 Herr
415 187 55 21 Adolph
490 186 53 20 Winter,
555 186 143 20 Hochwohlgeboren!

284 209 19 20 Da
310 208 27 21 sich
346 208 24 21 ein
380 207 61 21 gewisſer
455 207 17 20 E.
492 206 50 21 Winter,
559 205 113 21 Bernburgerstr.
681 205 27 20 29.
718 205 28 20 das

222 229 40 21 Attest
272 228 35 21 über
318 227 55 21 mehrere
386 226 81 21 Heilungen,
479 226 53 20 welches
536 226 24 20 ich
570 226 45 20 Shnen
622 226 79 20 zugejandt
705 226 41 20 habe,

217 247 81 22 sugeeignet
308 247 27 21 und
347 246 50 21 bereits
407 246 16 20 in
435 245 27 20 alle
482 245 29 20 Welt
521 245 66 20 verſandt
596 245 32 20 hat,
637 245 17 20 ſo
663 245 53 20 erkläre
725 245 21 20 ich

217 268 61 21 jelbiges
287 268 24 20 für
324 267 71 21 gefälſcht.
415 267 35 21 Auch
459 266 27 20 hat
495 266 76 21 benannter
586 266 17 20 E.
620 265 48 20 Winter
685 265 22 20 mir
719 265 27 20 bei=

214 288 66 21 liegende
293 287 43 21 Copte
345 286 63 21 gejandt,
420 286 24 20 um
462 286 50 21 meinen
530 285 48 20 Ramen
592 285 69 20 darunter
673 285 17 20 zu
699 285 47 20 sezen.

222 307 42 21 wofir
274 307 16 20 er
305 307 21 20 mir
336 306 32 20 eine
382 306 34 20 Rette
429 305 45 20 gratis
491 305 76 21 mitſandte,
578 304 24 20 um
612 304 45 20 einem
671 304 76 20 Beidenden

217 328 27 21 zur
258 327 45 21 Brobe
313 327 19 20 zu
341 326 60 21 dienen;
413 326 60 20 diejelbe
483 325 24 20 hat
516 325 35 20 aber
563 325 37 20 keine
622 325 58 20 Wirkung
692 325 55 20 gehabt,

222 346 26 20 war
261 346 29 20 aljo
304 346 37 20 ganz
355 345 70 20 werthlos.
450 345 62 20 Dagegen
524 345 37 20 habe
567 345 21 20 ich
598 345 29 20 von
641 345 57 20 Ihnen,
715 345 32 20 Herr

222 366 68 21 Aholph
313 366 55 20 Winter,
385 365 102 20 Snvalidenſtr.
496 365 37 20 159,
548 365 53 20 bereits
608 365 29 20 seit
644 365 45 20 einem
706 365 41 20 Sahre

217 386 24 20 für
253 386 48 21 unjere
318 385 71 21 Gemeinde
401 385 19 20 54
438 385 37 20 Stück
487 384 27 20 von
531 384 42 20 Shren
590 384 79 20 Gichtketten
679 384 68 20 erhalten,

220 406 27 21 und
259 405 45 21 haben
311 405 53 21 selbige
376 404 30 21 alle
416 404 27 21 gut
452 403 71 21 geholfen,
533 403 24 20 ich
564 403 32 20 sage
611 403 45 20 Shnen
674 403 64 21 nochmal

217 426 45 21 dafür
277 425 48 21 meinen
337 424 42 21 besten
394 423 45 21 Dank.
453 423 19 20 Es
482 423 45 21 haben
534 422 30 20 fich
573 422 50 20 bereits
640 422 56 20 mehrere
705 422 43 20 brief=

215 445 30 21 lich
255 445 19 21 an
289 444 30 21 mich
325 444 72 21 gewandt,
407 444 22 21 um
441 443 72 21 Auskunft
519 443 35 20 über
564 443 17 20 E.
595 443 48 20 Winter
650 443 19 20 zu
676 443 72 21 erhalten,

215 465 48 21 indem
278 464 19 20 ſie
317 464 40 21 meine
377 463 48 21 Atteste
436 463 16 20 in
473 462 76 21 Zeitungen
564 462 50 20 gelejen
631 462 56 20 haben,
699 463 17 20 u.
733 463 15 20 I.

227 484 137 21 Generallieutenant
371 484 17 20 v.
399 483 77 21 Raphengſt
483 483 17 20 in
514 483 77 21 Frankfurt
598 483 17 20 a.
627 483 25 20 D.,
663 482 85 21 Lanzlehrer

224 504 51 21 Frante
285 504 17 21 in
320 503 75 21 Staßfurt,
418 503 17 21 W.
452 502 94 21 Waldthauſeu
558 502 17 21 in
592 502 88 21 Godesberg,
701 502 47 21 titter=

219 523 87 21 gutsbeſtzer
313 523 17 21 v,
337 522 74 21 Corrwant
416 522 17 21 in
444 522 64 21 Cunzor,
520 522 46 21 welche
570 521 22 20 ich
599 521 27 20 auf
630 521 27 20 den
670 521 78 20 Schwindel

219 543 92 22 aufmerksam
326 542 61 21 gemacht
402 542 29 20 und
446 542 27 20 auf
490 542 32 20 Shre
540 542 48 20 Firma
602 542 90 21 hingewiejen
709 542 40 21 habe.

224 564 58 21 Hiermit
291 563 55 21 gestatte
354 562 24 20 ich
390 562 55 21 Ihnen,
457 561 53 20 Dbiges
516 561 19 20 zu
547 561 117 20 veröffentlichen.

311 580 99 21 Achtungsvoll
419 581 71 20 ergebenst
512 581 16 20 C.
541 581 34 20 Bed,
590 581 140 20 Bauergutsbefizer.

284 602 27 21 Bur
326 601 90 21 Bestätigung
425 600 24 20 des
461 600 116 20 voranſtehenden
594 600 79 21 Schreibens
683 601 38 21 laffe
727 602 22 21 ich

219 622 30 21 hier
258 621 27 21 den
301 621 38 21 Brief
353 621 24 21 des
392 620 43 21 Herru
453 620 153 21 General=Bieutenant
615 620 17 20 v.
644 620 77 21 Raphengſt
731 621 18 21 in

225 642 75 22 Frankfurt
309 641 17 21 a.
338 641 17 21 D.
362 639 62 22 folgen:

424 660 73 20 Frankfurt
506 660 16 20 a.
538 660 22 20 D.,
569 660 24 20 ben
605 660 16 20 8.
638 660 34 20 März
685 659 46 20 1878.

283 680 43 21 Herru
338 680 53 21 Adolph
409 679 45 21 Winter
464 679 35 21 bitte
503 679 27 20 ich,
537 679 32 20 eine
582 679 69 20 Gichtkette
660 679 17 20 zu
686 679 64 21 ſchicken,

220 701 35 21 aber
261 700 32 20 eine
300 700 55 21 ſolche,
370 699 21 20 wie
409 699 22 20 Sie
440 699 32 20 dem
487 698 133 21 Bauergutsbefizer
634 698 40 20 Herrn
691 698 14 20 E.
719 698 31 20 Beck

217 721 16 20 in
251 720 96 21 tingenwalde
365 719 58 21 geschickt
437 719 50 20 haben.
512 719 27 20 Bor
556 718 53 20 turzem
623 718 27 20 lag
661 718 24 20 der
700 719 49 20 Kreuz=

225 740 58 21 Zeitung
290 739 32 21 eine
334 739 92 21 Empfehlung
435 738 24 20 der
466 738 58 20 gleichen
539 738 76 20 Gichtketten
627 739 30 20 von
669 739 14 20 E.
697 739 52 21 Winter,

225 759 55 21 Verlin,
292 758 112 21 Bernburgerstr.
411 758 24 20 29,
445 758 29 20 bei,
486 758 42 20 worin
538 758 16 20 er
558 758 29 20 fich
597 758 27 20 auf
631 759 118 21 obengenannten

225 779 16 20 6.
256 779 26 20 Bed
294 779 26 20 und
332 779 39 20 einen
386 779 16 20 S.
411 779 49 20 Hempe
468 779 16 20 in
496 779 95 20 Luckenwalde
600 779 49 20 bezog.
667 779 24 20 Sch
697 779 49 20 ſchrieb

219 799 61 21 beshalb
297 799 19 20 an
331 799 48 20 Beide;
393 799 27 20 von
435 798 16 20 E.
466 798 29 20 Beck
508 798 45 20 bekam
562 798 22 20 ich
596 798 22 20 ein
630 798 42 20 gutes
687 799 62 21 Zeugniß

222 819 32 20 über
268 819 34 20 Ihre
317 819 53 20 Retten,
382 819 27 20 von
418 819 45 20 einem
480 819 16 20 E.
514 819 47 20 Winter
574 818 45 20 wuste
628 818 14 20 er
654 818 53 20 nichts;
718 818 31 20 von

225 839 14 20 6.
254 839 48 21 Hempe
312 839 45 21 bekam
366 839 22 20 ich
398 838 22 20 die
434 838 69 20 Antwort,
516 838 27 20 daß
552 838 61 20 derſelbe
623 838 79 21 überhaupt
712 839 38 21 keine

225 860 35 21 Rette
270 859 58 21 bezogeu
340 859 43 21 habe,
395 858 40 21 weder
444 858 30 20 von
488 858 17 20 A.
515 858 32 20 noch
561 858 17 20 G.
595 858 53 20 Winter,
663 858 45 21 mithin
720 858 27 20 das

225 879 41 21 Attest
276 878 83 21 vollſtändig
374 878 64 21 gefälſcht
445 878 25 21 ist.
493 878 22 21 Um
525 878 57 21 baldige
604 878 94 21 eberfendung
708 879 44 21 bittet

402 896 17 21 v.
431 897 81 22 Raphengſt.
527 898 148 21 General=Lieutenant
685 898 15 21 3.
714 898 17 21 D.

284 919 48 21 Hierzu
349 919 43 20 mache
399 919 22 20 ich
430 919 22 20 die
470 919 90 21 Bemerkung,
572 919 30 20 daß
614 919 27 21 der
658 918 92 21 Generallieu-

220 938 52 21 tenant
282 938 14 21 v.
309 938 76 21 Raphengſt
393 938 28 21 ſich
428 938 52 21 bereits
498 938 55 21 mehrere
562 938 25 21 hat
595 938 55 21 ſchicken
659 938 52 21 laſfen.

884 167 34 21 Euer
939 167 105 21 Wohlgeboren!

787 188 20 21 Da
816 188 22 21 die
848 188 30 21 von
893 188 46 21 Ihnen
949 188 70 21 erzeugten
1031 188 107 21 Gichtapparate
1142 189 17 21 in
1168 189 56 21 hiesiger
1237 190 51 21 Gegens

764 207 22 20 mit
801 207 50 21 Erfolg
860 208 66 21 getragen
933 208 40 20 ſind,
980 209 16 20 ſo
1006 209 53 21 erjuche
1071 209 24 20 Sie
1110 209 22 20 mir
1141 209 40 20 einen
1193 210 43 20 gegen
1252 210 39 20 Mach=

762 226 50 20 nahme
821 226 16 20 zu
847 226 57 20 senden.

790 247 63 21 Micarken
862 247 79 21 b./Bijtriz
948 247 135 21 i./Siebenbürgen,
1090 247 28 21 den
1127 247 49 21 17./3.
1184 248 26 21 81.

1064 266 53 22 Richael
1130 267 67 23 Schober,
1210 267 62 23 Bjarrer.

879 302 87 21 FRnfktrchen
984 302 9 20 m
1005 302 64 21 Urgarn,
1076 303 27 20 den
1115 303 17 20 B.
1144 303 72 21 December
1228 303 43 20 1880.

902 322 32 20 Herr
951 322 52 20 Adolph
1023 322 56 20 Winter!

825 341 29 20 Ew.
874 341 94 21 Wohlgeboren
978 342 35 20 bitte
1019 342 22 20 ich
1053 342 32 20 noch
1097 342 22 20 um
1128 343 42 20 etnen
1188 343 103 21 Gichtapparat,

761 363 24 20 nes
795 362 52 20 bereits
854 362 73 20 erhaltene
936 362 24 20 hat
969 362 16 20 be
998 362 45 20 einem
1054 362 60 20 tranken
1123 363 42 20 guten
1177 363 47 20 Erfolg
1236 364 55 21 gerabt.

908 381 72 20 Ergehenft
1000 381 9 20 I
1013 381 17 20 r.
1040 381 61 21 peinrich
1113 382 64 21 Rucinic,
1192 383 80 22 Stabsarzt.

893 419 107 21 Turaszombat
1006 419 14 21 i.
1030 419 64 21 Ungarn,
1101 420 25 21 deu
1138 421 27 21 15.
1178 422 38 21 April
1225 423 47 22 1882.

886 439 34 20 Sehr
929 440 60 20 geehrter
1003 441 32 20 Herr
1054 440 55 20 Winter!

785 459 22 21 Sch
822 459 53 21 erſuche
895 459 32 21 Sie,
945 460 22 21 mir
982 460 74 21 abermals
1071 461 9 20 1
1102 461 38 21 Stück
1155 461 98 21 Gichtapparat
1268 462 25 21 per

766 480 86 21 Nachnahme
862 480 51 21 gütigſt
920 480 59 21 jogleich
986 480 49 21 jenden
1044 480 17 21 zu
1076 480 56 21 wollen.
1161 481 19 21 Mit
1192 481 59 21 Achtung
1261 482 30 21 ver=

763 499 40 21 harre
810 499 23 21 ich

1066 499 56 22 Rudwig
1132 500 27 21 von
1176 501 64 20 Agnſtich.

895 501 28 21 Shr
930 501 75 21 ergebener

1051 519 61 22 Rönigl.
1122 519 145 24 Ober-Stuhlrichter.

925 552 68 22 Budapejt
997 553 17 21 in
1029 553 63 22 Ungarn,
1099 554 28 21 den
1136 555 28 21 21.
1182 555 36 21 März
1227 555 45 21 1882.

887 572 61 21 Gechrter
962 574 32 20 Herr
1009 574 50 20 Adolph
1082 574 53 21 Winter!

785 593 48 20 Iudem
848 593 35 20 Ihre
897 593 105 21 Gichtapparate
1012 593 87 21 vorzügliche
1113 594 53 21 Dienſte
1175 595 48 21 leiſten
1235 595 24 21 nud
1269 596 23 21 ich

763 612 27 20 von
806 612 63 20 mehreren
883 612 73 20 Leidenden
965 612 52 20 erſucht
1032 613 42 20 wurde
1083 613 24 20 fär
1116 613 19 20 ſie
1147 613 44 20 welche
1195 614 19 20 ziu
1221 614 70 21 bejorgen.

758 631 17 20 jo
784 631 55 20 ersuche
849 631 24 20 ich
893 631 22 20 Sie
930 631 68 20 höflichft,
1016 632 22 20 mir
1052 632 71 21 ebermals
1132 632 9 20 5
1161 633 37 20 Stück
1213 633 24 20 per
1252 633 37 21 Nach=

764 652 49 20 nahme
822 652 70 20 gefälligit
899 652 52 20 senden
957 652 19 20 zu
990 651 54 20 wollen.

997 670 18 21 3.
1033 670 51 22 Maner,
1097 671 81 23 Buchhalter

854 671 99 21 Achtungsvoll

893 691 25 21 der
930 690 47 21 Grsten
989 690 89 21 Ungariſchen
1097 690 148 23 Spiritus=Raffinerie
1254 693 28 21 von

978 711 49 22 Herren
1039 710 36 21 Carl
1085 710 47 21 Linzer
1141 710 9 21 &
1168 710 47 21 Sohn.

940 743 44 22 Libau
994 744 92 22 (Rußlaud),
1093 745 25 21 den
1131 745 17 21 2.
1160 745 58 21 October
1227 746 47 21 1882.

885 764 44 21 Herrn
943 764 52 21 Adolph
1015 764 51 21 Winter,
1079 764 60 21 Stettin:

788 785 33 21 Ihre
836 785 65 21 Sendung
915 785 28 21 von
955 785 9 21 5
981 785 38 21 Stück
1037 785 210 22 Gichtableitungs=Apparaten
1259 787 35 21 habe

761 804 70 21 erhalten,
846 804 73 21 gebrauche
928 804 38 21 jelbe
986 805 22 21 mit
1020 805 59 21 Freuden
1095 805 27 21 und
1145 805 96 21 Dankbarkeit,
1251 806 43 21 ſowie

761 823 35 21 auch
811 824 38 21 meine
864 824 43 21 Frau.
930 824 22 21 Sie
959 824 43 21 ſehen
1011 824 38 21 aljo,
1061 825 54 21 werther
1127 825 40 21 Herr,
1177 825 27 21 daß
1219 825 35 21 Shre
1267 825 27 21 Ap=

764 845 49 21 parate
827 844 35 21 auch
874 844 30 20 hier
919 844 38 20 Dank
972 844 27 21 und
1019 845 35 21 Wohl
1069 845 77 21 erwerben;
1159 845 19 21 iſt
1190 845 19 21 es
1222 846 35 21 doch
1269 846 22 21 ein

760 863 56 20 schönes
834 864 90 21 Bewustſein,
931 864 46 21 ſeinen
999 864 88 21 Mitmenſchen
1099 865 30 21 alſo
1141 865 48 21 dienen
1201 865 19 21 3u
1233 866 61 21 können.

769 883 33 21 Bitte
811 883 54 21 ſchicken
878 884 25 21 Sie
915 884 22 21 mir
946 884 30 21 alſo
986 885 25 21 zur
1026 885 86 21 Bertheilung
1121 885 17 21 an
1150 885 62 21 Leidende
1222 886 20 21 20
1253 886 38 21 Stücc

764 903 23 22 per
801 903 122 22 Boſtnachnahme.

1019 903 34 22 Carl
1065 904 86 22 Hoheuberg,
1159 905 53 22 evang.
1227 906 67 22 Brediger.

1489 171 57 21 Bruneck
1552 172 17 21 in
1586 172 43 21 Tirol,
1639 172 25 21 den
1676 172 27 21 13.
1716 171 51 21 Auguft
1776 169 42 21 1882.

1428 192 63 21 Gechrter
1506 192 30 21 Herr
1551 192 55 21 Adolph
1626 190 55 22 Winter!

1329 211 33 21 Ihre
1376 212 67 21 Apparate
1455 212 75 21 bewähren
1543 212 27 21 fich
1579 212 27 21 alle
1616 212 33 21 sehr
1659 211 35 21 gut;
1701 210 38 21 habe
1746 210 25 21 bis
1780 209 30 21 jest
1819 208 21 21 6v

1309 229 39 21 Stüď
1363 230 28 21 von
1405 231 46 21 Shnen
1467 231 62 21 erhalten
1544 231 28 21 und
1587 231 49 21 erbitte
1648 230 73 22 abermals
1736 229 25 21 unt
1771 229 9 21 5
1795 228 45 22 Stüď.

1312 249 30 21 Geld
1357 250 49 22 anbei.
1430 251 84 21 Besonderes
1534 251 65 21 Aufsehen
1614 251 55 21 erregte
1681 251 23 21 die
1724 250 25 21 Kur
1767 250 23 21 bei
1801 249 40 22 einer

1301 270 55 21 jungen
1376 271 44 21 Frau,
1435 271 47 21 welche
1494 271 20 21 an
1529 270 92 21 epileptischen
1644 270 73 21 Krämpfen
1730 269 17 21 u.
1757 269 14 21 j.
1781 269 17 21 w.
1813 268 29 21 itt.

1310 290 31 21 Seit
1353 290 75 21 Anlegung
1440 291 23 21 der
1476 291 36 21 Rette
1525 290 61 21 befindet
1596 290 20 21 sie
1626 290 28 21 ſich
1669 290 36 21 wohl
1718 290 28 21 und
1756 290 50 21 bekant
1816 289 23 21 bis

1304 311 39 22 heute
1356 311 34 22 noch
1400 311 48 22 keinen
1463 311 61 21 Rrampf.
1551 311 23 21 Die
1590 311 48 22 Leute,
1648 311 45 22 welche
1708 310 70 22 Apparate
1790 310 52 22 haben,

1304 329 63 21 kommen
1377 330 60 21 dankend
1446 330 20 21 zu
1481 331 32 21 mir.

1350 349 20 21 Mit
1379 349 36 21 aller
1430 349 60 22 Achtung

1551 350 40 22 Inſef
1604 350 70 22 Schuus,

1377 369 15 22 k.
1397 369 15 22 k.
1424 369 167 22 Artillerie-Hauptmann
1602 370 29 22 und
1646 369 198 22 Zeughaus-Rommandant.

1307 403 77 23 Unterwein
1395 404 19 23 b.
1427 404 48 23 Botzen
1483 403 16 23 i.
1506 403 68 23 Südtirol
1579 403 16 23 i.
1605 403 51 23 Dejtr.,
1664 403 24 23 den
1696 402 27 23 25.
1731 402 59 23 Sanuar
1795 401 48 23 1881.

1430 423 64 22 Gechrter
1509 424 41 21 Herr!

1329 444 29 22 Ihr
1370 444 70 22 unlängſt
1458 444 23 22 mir
1497 444 73 22 gejandter
1585 444 100 22 Gichtapparat
1698 444 51 22 scheint
1762 444 31 22 eine
1803 444 37 22 ganz

1305 462 76 22 befondere
1396 463 65 21 Heilkraft
1468 463 20 21 zu
1498 462 62 21 besitzen.

1331 482 23 21 Ich
1363 483 36 21 habe
1409 483 74 21 denſelben
1489 483 41 21 jeden
1543 483 52 21 gezeigt
1605 483 28 21 und
1645 482 25 21 hat
1680 482 22 21 bei
1712 482 36 21 allen
1761 481 25 21 ein
1796 481 46 22 ange-

1306 501 60 21 nehmes
1378 502 49 21 Zichen
1437 502 17 21 in
1464 502 33 21 dem
1512 502 52 21 Körper
1574 502 121 21 hervorgehoben,
1702 502 38 21 alles
1753 502 28 21 was
1796 502 22 21 Sie
1823 502 18 21 in

1310 523 49 21 Ihrem
1374 523 71 21 Broſpekte
1455 523 79 21 angegeben
1546 523 49 21 beruht
1605 523 28 21 auf
1651 523 73 21 Wahrheit,
1731 523 36 21 bitte
1777 523 25 21 für
1812 523 30 21 bei=

1304 542 67 21 folgende
1382 542 9 21 6
1408 542 51 21 Gulden
1472 542 33 21 noch
1515 542 41 21 einen
1562 542 19 21 zu
1589 542 59 21 ſenden.

1541 563 27 22 Shr
1577 562 74 22 ergebener
1664 562 18 22 P.
1695 562 24 22 Fr.
1731 560 95 23 Braďmann.

1430 596 41 21 Herrn
1486 596 54 21 Adolph
1561 596 58 21 Winter!

1332 615 64 21 Rachdem
1405 615 25 21 die
1440 615 27 21 von
1482 615 48 21 Shnen
1537 616 77 21 bezogenen
1629 615 106 21 Gichtapparate
1742 615 43 21 gegen
1800 615 43 21 Rheu-

1310 635 123 21 matismusleiden
1454 635 22 21 mit
1488 635 33 21 jehr
1533 636 46 21 gutem
1594 636 59 21 Erfolge
1663 636 75 21 gebraucht
1751 635 62 21 wurden,
1825 635 17 21 ſo

1305 654 30 21 bitt
1347 654 72 21 wiederum
1431 655 22 21 um
1466 655 9 20 5
1489 655 46 20 Stüď.
1560 655 33 20 Geld
1602 655 50 21 anbei.

1334 673 80 22 Botszowce
1421 674 14 21 i.
1450 674 62 21 Galizien
1519 675 17 21 i.
1548 675 88 21 Desterreich,
1643 675 25 21 den
1680 674 28 21 20.
1715 674 17 21 3.
1741 674 26 21 81.

1613 694 57 22 Beoutin
1685 695 60 22 Schefer,
1761 694 63 22 Vfarrer.

1332 729 80 21 Frauenzell
1419 729 14 21 b.
1446 729 112 21 Rimrathshofen
1566 729 9 21 i
1593 729 61 21 Bahern,
1661 729 25 21 den
1696 729 28 21 13.
1734 729 58 21 Sanuar
1796 729 46 21 1881.

1332 748 96 21 Hochgechrter
1438 748 41 21 Herr!
1491 748 38 21 Seien
1541 748 22 21 Sie
1565 748 17 21 ſo
1584 748 80 21 freundlich
1669 748 30 21 und
1703 748 51 21 jenden
1767 748 22 21 Sie
1796 748 47 21 wieder

1304 767 28 21 für
1344 767 41 21 einen
1397 768 49 21 armen
1461 769 57 21 Knaben
1530 769 41 21 einen
1588 769 104 21 Gichtapparat.
1718 769 22 21 Sie
1753 768 93 21 freundlichft

1307 787 63 21 grüßend
1377 788 71 21 verbleibe
1453 788 22 21 ich
1499 788 28 21 Shr
1531 788 76 21 ergebener
1617 788 52 21 Ednard
1682 788 68 21 Böheuir,
1768 788 59 21 farrer.

1320 806 28 22 NB.
1372 807 20 21 An
1399 807 31 22 mich
1440 807 45 22 wurde
1492 808 28 21 von
1528 808 55 21 überall
1588 808 83 22 geſchrieben
1675 808 17 21 ob
1697 807 28 21 das
1732 807 64 22 Zeugniß
1806 806 37 22 wahr

1304 826 28 22 ſei.
1356 827 42 22 AlMein
1402 827 20 21 ich
1430 828 34 22 habe
1471 828 55 22 überall
1528 828 118 21 hingeschrieben,
1647 828 28 21 daß
1683 828 17 21 es
1705 828 17 21 ſo
1724 828 28 21 jei,
1748 828 69 22 lediglich
1819 827 23 21 die

1305 847 41 22 reine
1359 847 72 22 Wahrheit.
1444 847 24 22 Ste
1475 847 46 22 wirten
1526 847 29 22 hier
1562 847 24 22 mit
1588 847 122 22 ausgezeichneten
1718 847 66 22 Erfolge.
1802 847 18 22 D.
1825 846 22 22 D.

444 972 73 21 Budapejt,
524 972 25 21 ven
561 972 25 21 16.
601 972 73 21 Roveaher
686 972 36 21 188.

344 992 35 21 Sehr
388 993 63 20 gechrter
466 991 44 21 Herr!

247 1013 62 21 Dantend
316 1012 36 21 habe
364 1012 41 21 Ihren
420 1012 22 21 mir
452 1012 52 21 gütigst
506 1012 92 21 zugejandten
612 1011 110 21 Gicht-Apparot
727 1011 14 21 e.

222 1033 54 21 halten,
283 1033 22 21 ich
312 1032 30 21 ließ
349 1032 62 21 ſelbigen
418 1032 49 21 jofort
473 1031 43 21 einem
526 1031 86 21 langiährig
619 1031 75 21 leidenden
706 1031 38 21 Gicht

219 1052 59 21 tranken
286 1052 59 21 anlegen
355 1051 30 21 mid
392 1051 28 21 der
434 1051 51 21 Erfolg
501 1051 28 21 war
535 1051 25 21 en
573 1051 137 21 überraschender.
724 1051 21 21 Id

222 1071 49 21 nehme
275 1072 41 21 daher
320 1072 46 21 keinen
379 1072 57 21 Anſtand
448 1072 41 21 mehr,
491 1072 36 21 dieje
534 1072 36 21 Shre
571 1071 91 21 vortreffliche
672 1070 67 21 Grfinduu

222 1092 40 20 auf's
276 1092 37 20 Beste
321 1092 17 20 zu
349 1091 86 21 empfehlen.

327 1110 101 22 Achtungsvoll
440 1110 67 22 Vrojenor
526 1110 31 22 Sal.
568 1110 48 22 Robu,
626 1109 92 22 Rönigsgaffe
728 1109 18 22 40

274 1151 114 21 Peterswaldau,
401 1150 72 21 teg.=Bez.
485 1150 67 21 Breslau,
559 1150 25 21 den
596 1150 17 21 2.
620 1150 59 21 Snuaar
688 1150 46 21 1881.

348 1171 80 20 Gechrtester
442 1171 31 20 Herr
495 1169 55 21 Winter!

290 1189 26 20 Seit
331 1189 8 20 3
359 1189 49 20 Wochen
425 1189 24 20 bin
463 1190 21 20 ich
497 1190 21 20 im
535 1190 34 20 Beſiz
589 1190 42 20 Shrer
647 1190 106 20 Gichtapparate

225 1208 26 20 und
263 1209 21 20 ich
294 1209 42 20 fühle
350 1209 29 20 mich
391 1209 85 20 gedrungen,
495 1210 39 20 meine
544 1210 49 20 vollſte
605 1209 103 20 Zufriedenheit
723 1209 30 20 und

230 1228 47 20 meinen
293 1229 42 20 besten
355 1229 29 20 Dan
406 1229 34 20 über
451 1229 39 20 deren
513 1229 59 20 Wirkung
587 1229 116 20 auszuſprechen.
727 1229 24 20 Die

222 1247 60 21 kalten,
289 1248 58 20 eifigen
361 1248 47 20 Füße,
421 1248 9 20 m
441 1249 55 20 1denen
501 1249 24 20 ich
531 1249 19 20 zu
560 1249 42 20 dieſer
614 1249 78 20 Sahreszeit
699 1249 53 20 immer

223 1268 58 21 geplagt
291 1268 32 20 war,
328 1268 32 20 ſttd
369 1268 118 21 verschwunden
500 1268 30 20 und
537 1268 37 20 eine
578 1267 100 20 angeneljme
696 1267 57 20 Wärme

225 1287 22 20 nu
261 1287 47 20 deren
326 1288 45 20 Stelle
385 1288 78 20 getreten.
491 1288 19 20 Es
517 1288 19 20 ist
546 1288 29 20 jezt
589 1288 63 20 überaus
667 1288 85 20 wohlthuend

222 1307 24 20 für
263 1308 34 20 mich,
309 1308 47 20 wieder
370 1308 49 20 warme
434 1309 37 20 Füße
478 1309 19 20 zu
508 1309 52 20 haben.
585 1309 29 20 Mein
626 1309 62 20 Apparat
695 1308 21 20 ift
730 1308 23 20 mir

222 1327 24 21 ein
261 1327 63 21 wichtiger
341 1329 45 21 Beſis.
413 1330 34 20 Möge
465 1330 32 20 Gott
506 1330 17 20 es
537 1329 45 21 Shnen
591 1328 63 21 lohnen.

448 1347 132 22 Hochachtungsvoll
604 1347 69 21 Grueſtiue
695 1347 39 21 loje.

424 1381 58 23 Zufach
487 1381 16 23 i.
514 1381 43 23 Zirol,
565 1381 25 23 den
601 1381 28 23 19.
640 1381 40 23 April
688 1381 45 23 1882.

353 1400 72 21 Wertheſter
440 1401 41 21 Herr!

250 1418 49 21 Indem
309 1418 22 21 bei
346 1418 52 21 meinem
416 1418 47 21 Sohne
473 1418 22 21 der
508 1418 28 21 von
551 1418 44 21 Shnen
607 1418 90 21 angewandte
712 1418 40 21 Gicht-

230 1437 60 21 Apparat
299 1438 87 21 vorzügliche
401 1438 60 21 Wirkung
468 1439 44 21 zeigt,
519 1439 60 21 erſuchen
594 1439 31 21 mich
631 1439 47 21 einige
688 1438 65 21 Freunde,

224 1456 36 21 anch
267 1457 44 22 ihnen
318 1457 46 21 ſolche
371 1458 79 22 zukommen
460 1459 17 21 zu
486 1459 52 21 lasen.
556 1460 25 21 Sch
588 1460 33 21 bitte
628 1460 57 21 deshalb
695 1460 9 21 6
717 1459 39 21 Stüch

233 1477 102 22 Gichtaprarate
345 1479 25 21 per
384 1479 83 21 Nachnahme
477 1479 17 21 zu
501 1479 61 21 ſenden.

319 1498 130 21 Hochachtungsvoll

495 1496 60 25 Rafimir
566 1495 82 24 Schueider,
659 1495 76 25 Decovom.

765 937 82 22 Rallessorf
855 937 23 22 bei
894 937 49 22 Viſtris
950 938 18 22 in
984 938 113 22 Siebenbürgen,
1107 938 26 22 den
1144 939 18 22 2.
1174 939 63 22 Februar
1250 940 46 22 1880.

885 959 41 21 Herru
941 958 52 21 Adolph
1014 958 52 21 Winter,
1085 958 107 21 Woblgeboren!

788 978 26 21 Die
832 978 23 21 mir
868 978 23 21 im
900 978 58 21 vorigen
974 978 45 21 Sahre
1026 978 91 22 zugejandten
1135 979 9 21 4
1160 979 39 22 Stück
1215 979 77 22 Gichtketten

767 997 48 21 wirken
824 997 23 21 bei
857 997 26 21 den
893 997 91 22 betreffenden
994 998 61 22 Kranten
1065 998 42 22 gegen
1120 998 45 22 Gicht,
1177 999 116 22 Rheumatismus

765 1017 28 21 und
803 1017 104 22 Ropfſchmerzen
918 1017 88 21 wohlthätig.
1024 1018 28 21 kun
1062 1018 25 21 bin
1089 1018 25 21 ich
1125 1018 47 21 wieder
1177 1018 88 21 beauſtragt,
1267 1018 30 21 für

762 1038 26 21 die
797 1037 66 21 Edelfrau
881 1037 47 21 Wittwe
936 1037 17 21 v.
963 1037 80 21 Batantgus
1050 1037 25 21 bei
1085 1038 44 21 Shnen
1139 1038 9 21 4
1161 1038 39 21 Stück
1215 1039 81 22 Gichtketten

766 1059 40 22 gegen
821 1058 84 22 Machnahme
907 1058 20 22 zu
935 1058 70 22 bestellen.
1026 1058 73 22 Ergebenſt
1109 1058 59 22 Fohann
1178 1059 45 22 Rlein,
1233 1059 62 23 Bfarrer.

863 1093 55 21 Leinigl
928 1093 17 21 b.
957 1093 44 21 Staab
1012 1093 15 21 i.
1039 1093 69 22 Böhmen,
1115 1094 25 21 den
1153 1094 25 21 16.
1199 1094 25 21 Mai
1231 1095 46 22 1882.

890 1113 62 20 Gechrter
966 1113 31 20 Herr
1012 1113 54 20 Adolph
1089 1113 54 20 Winter!

790 1133 33 21 Ihre
838 1133 112 21 Gichtapparate,
961 1133 46 21 welche
1014 1133 22 21 ich
1046 1133 27 21 ſeit
1083 1133 27 21 22.
1130 1133 33 21 März
1172 1134 17 21 d.
1201 1134 17 21 S.
1225 1134 19 21 29
1259 1134 37 21 Stück

764 1153 64 21 erhalten
843 1153 43 21 habe,
896 1153 72 21 bewähren
981 1153 27 21 ſich
1020 1153 27 21 alle
1060 1153 30 21 sehr
1102 1153 33 21 gut,
1142 1153 17 21 ſo
1168 1153 54 21 erſuche
1229 1154 25 21 ich
1261 1154 36 21 recht

764 1172 57 21 höflich,
839 1172 22 21 mir
881 1172 46 21 wieder
943 1172 20 21 10
983 1172 38 21 Stüď
1036 1172 25 21 per
1084 1173 118 22 Boſtnachnahme
1212 1174 51 21 jenden
1278 1174 21 21 zu

770 1191 53 21 wolletn.

1019 1210 100 23 Achtungsvol
1165 1210 45 23 Bacob
1223 1210 58 23 Zaklin.

886 1247 95 20 Hochgechrter
996 1247 32 20 Herr
1051 1246 53 21 Winter!

790 1267 34 20 Shre
840 1267 102 20 Gichtapparate
957 1266 46 20 wirken
1017 1266 29 20 hier
1053 1266 16 20 in
1081 1266 24 20 der
1119 1266 74 20 Umgegend
1217 1266 51 20 Wunder
1281 1265 18 20 an

769 1287 52 20 turen,
828 1287 16 20 da
856 1286 49 20 bereits
917 1286 19 20 26
953 1286 39 20 Stük
999 1286 16 20 in
1033 1285 47 20 meiner
1096 1285 70 20 Gemeinde
1183 1284 21 20 mit
1219 1284 47 20 Erfolg
1278 1283 20 20 ge=

764 1305 49 20 tragen
830 1306 57 20 werden,
891 1306 16 20 ſo
919 1306 52 20 ersuche
986 1305 70 20 wiederum
1067 1305 21 20 um
1100 1305 8 20 5
1123 1305 39 20 Stück
1171 1304 24 20 per
1210 1303 87 21 Nachnahme.

792 1326 42 20 Dlasz
845 1325 118 21 b./Sznderkenn,
973 1325 26 20 den
1011 1324 16 20 9.
1044 1324 34 20 März
1090 1323 45 20 1881.

1007 1343 40 22 Boſef
1062 1342 78 22 Brinsztle,
1153 1342 20 22 m.
1180 1341 23 22 p.,
1218 1340 63 22 Bfarrer.

917 1376 64 22 Daruvar
989 1375 17 22 i.
1019 1374 86 22 Slavonien.
1110 1374 26 21 den
1148 1374 26 21 21.
1192 1374 34 21 März
1236 1374 45 22 1882.

891 1395 41 21 Herrn
947 1395 17 21 M.
982 1394 52 21 Winter,
1048 1394 56 21 Stettin.

793 1415 25 21 Der
833 1414 28 21 von
882 1414 25 21 mir
917 1413 22 21 im
949 1413 60 21 vorigen
1029 1413 47 21 Herbft
1088 1413 25 21 als
1131 1412 41 21 Brobe
1185 1412 57 21 bestellte
1257 1413 44 21 Gicht=

767 1433 147 21 ableitungsapparat
927 1433 69 21 bewährte
1009 1433 28 21 ſich
1044 1433 50 21 derart
1104 1433 85 21 vorzüglich,
1204 1433 28 21 daß
1239 1433 25 21 ich
1277 1433 23 21 Sie

767 1455 57 21 hiermit
832 1455 60 21 erſuchen
910 1454 36 21 muß,
950 1454 28 21 für
985 1454 41 21 einen
1041 1454 47 21 meiner
1103 1454 60 21 Arbeiter
1181 1454 60 21 Namens
1259 1454 41 21 Frauz

775 1474 38 21 Beutl
823 1474 9 21 1
847 1474 38 21 Stük
898 1474 73 21 umgehend
983 1474 22 21 per
1023 1474 115 21 Bojtnachnahme
1145 1474 49 21 senden
1204 1474 19 21 3u
1238 1474 54 21 wollen.

803 1495 98 21 Achtungsvoll

1053 1494 43 22 Franz
1112 1493 62 21 Trexler,

900 1513 63 22 Director
970 1513 26 22 der
1007 1512 60 22 Rönigl.
1078 1512 122 22 Landesbefugten
1216 1512 84 22 Glasfabrik.

1316 883 117 22 Wungersdorfh.
1437 883 91 22 Gnadendorf
1530 883 15 22 i.
1553 882 142 23 Mieder=Desterreich,
1694 882 26 22 den
1725 882 26 22 11.
1759 881 35 22 Aug.
1798 881 48 23 1882.

1428 903 25 21 Ew
1479 903 104 21 Wohlgeboren!

1332 922 23 21 Sch
1364 923 52 21 exſuche
1433 923 23 21 Sie
1466 923 95 21 freundlichſt,
1578 923 22 21 mir
1613 922 73 21 nochmals
1701 922 9 21 5
1728 921 38 21 Stück
1781 920 65 22 Gichtab-

1304 942 147 22 leitungs-Apparate
1469 943 20 21 mit
1504 943 117 21 Boſtnachnahme
1629 942 17 21 zu
1661 942 90 22 überſenden,
1759 942 36 21 denn
1810 941 33 21 Shre

1307 962 33 21 erſte
1361 962 66 21 Sendung
1442 962 25 21 hat
1483 962 36 21 alle,
1537 962 44 21 welche
1597 962 66 21 dieselben
1680 962 66 21 getragen
1762 961 52 21 haben,
1827 961 19 21 iut

1315 982 62 21 Staunen
1389 982 62 21 verjest;
1469 982 9 21 —
1490 982 17 21 da
1519 982 22 21 die
1554 982 59 21 Heilung
1620 982 33 21 eine
1662 981 86 21 vorzügliche
1755 981 26 21 ist.

1553 1002 45 21 Franz
1611 1001 89 22 Sriihwirth,
1714 1000 112 22 Bürgermeiſter.

1373 1002 134 21 Hochachtungsvoll

1316 1043 23 21 St.
1348 1042 17 21 B.
1372 1042 36 21 Frau
1413 1042 14 21 t.
1435 1042 52 21 Thale,
1497 1041 58 21 Schnalz
1562 1041 17 21 b.
1587 1041 44 21 Bozen
1635 1040 14 21 i.
1657 1040 42 21 Lyr.,
1700 1040 17 21 b.
1722 1040 25 21 15.
1755 1039 39 21 April
1801 1039 44 21 1881.

1432 1063 35 20 Herr
1481 1062 16 20 A.
1514 1061 57 21 Winter!

1334 1082 113 20 Unterzeichneter
1461 1081 42 20 bittet
1517 1081 47 20 wieder
1578 1081 24 20 um
1611 1081 31 20 eine
1657 1080 36 20 recht
1703 1080 57 20 baldige
1777 1079 64 21 Senbung

1310 1102 29 20 von
1355 1102 9 20 4
1380 1102 39 20 Stück
1438 1102 114 20 Gichtapparaten
1569 1101 24 20 per
1614 1099 124 21 Boſtnachnahme.
1763 1097 81 21 Gefertigter

1312 1121 24 20 hat
1343 1121 42 20 schon
1396 1121 9 20 6
1427 1121 24 20 Mal
1467 1121 105 20 Gichtapparate
1582 1120 29 20 von
1625 1119 47 20 Shnen
1684 1118 82 21 genommen
1783 1117 26 20 nud
1821 1116 24 20 dis

1312 1140 52 20 uteiſten
1379 1141 42 20 Zeute
1430 1140 44 20 haben
1492 1140 73 20 Befferung
1574 1139 65 20 erlangt.

1336 1160 18 21 In
1363 1160 37 22 aller
1413 1159 94 22 Hochachtung
1516 1158 61 22 zeichnet
1582 1157 26 22 fich
1625 1157 34 22 Stb.
1672 1155 96 23 Zunerhofen,
1781 1154 65 22 Pfarrez.

1443 1192 60 21 Etfenerz
1510 1192 17 21 in
1539 1192 22 21 Der
1579 1191 89 22 Stetermark,
1675 1190 27 21 den
1712 1190 17 21 1.
1746 1189 28 21 Mai
1784 1187 44 22 1882.

1405 1212 129 20 Hochschäzbarster
1549 1212 32 20 Herr
1595 1211 55 21 Adolph
1670 1209 55 21 Winter!

1336 1232 19 20 6s
1370 1232 70 20 erfordert
1459 1231 39 20 meine
1513 1231 52 20 höchfte
1587 1230 47 20 Bflicht
1653 1229 39 20 meine
1707 1227 75 21 herzlichſte
1801 1226 47 21 Dant-

1309 1253 57 20 ſagung
1375 1252 26 20 für
1410 1252 24 20 die
1448 1251 21 20 mir
1479 1250 92 21 zugejandten
1585 1249 77 21 Apparate,
1668 1249 21 20 die
1704 1248 24 20 mir
1737 1247 44 20 große
1805 1246 44 20 Wohl=

1309 1271 52 20 thaten
1375 1271 64 20 erwiejen
1453 1270 51 20 haben.
1531 1270 24 20 Sch
1569 1269 26 20 litt
1607 1269 26 20 ſeit
1647 1269 8 20 3
1678 1267 61 21 Monaten
1753 1267 21 20 an
1791 1265 56 21 Nerven=

1312 1289 87 20 enzündung
1416 1289 26 20 und
1465 1289 26 20 war
1505 1289 34 20 auch
1551 1288 105 20 Lungenkrank,
1666 1288 16 20 ſo
1699 1288 29 20 daß
1740 1287 24 20 ich
1778 1287 29 20 mich
1814 1287 34 20 sehr

1312 1308 55 20 schlecht
1376 1308 52 20 befand
1440 1308 26 20 und
1478 1308 37 20 keine
1529 1308 60 20 Rugficht
1599 1307 44 20 halte,
1655 1307 29 20 daß
1696 1307 21 20 ich
1737 1306 49 20 meinen
1803 1306 44 20 Dienft

1317 1329 47 20 wieder
1374 1329 62 20 antreten
1445 1328 60 20 köunte;
1520 1328 34 20 nach
1568 1327 75 20 Bemuzung
1655 1327 26 20 von
1694 1327 70 20 Ztägigem
1778 1327 68 20 Gebrauch

1312 1348 51 21 kounte
1375 1348 22 20 ich
1419 1348 45 21 meinen
1489 1347 43 20 Dienſt
1552 1347 45 20 wieder
1609 1347 84 20 vollständig
1711 1347 79 20 verrichten,
1805 1347 43 20 daher

1312 1368 32 21 jage
1357 1368 25 21 ich
1399 1367 30 21 Ew.
1454 1367 96 21 Wohlgeboren
1565 1366 59 21 taujend
1657 1366 17 21 al
1696 1366 48 21 meinen
1762 1366 85 21 herzlichsten

1320 1388 43 21 Dank.
1403 1387 19 20 un
1437 1386 43 21 wurde
1492 1386 22 20 ich
1523 1386 92 20 angegangen
1625 1386 30 20 von
1674 1386 63 21 Gollegen
1750 1387 27 21 für
1784 1387 19 20 sie
1813 1387 35 21 auch

1318 1406 43 21 welche
1371 1406 17 21 zu
1398 1405 62 21 bestellen
1471 1405 27 21 und
1514 1405 46 21 wollen
1577 1405 22 21 Sie
1614 1405 22 21 mir
1646 1405 19 21 25
1680 1405 41 21 Stück
1733 1405 59 21 senden.
1814 1406 33 21 Geld

1313 1426 39 21 folgt
1367 1426 52 21 mittelſt
1434 1425 111 21 Boſtanweiſung
1558 1425 22 21 bei
1590 1425 47 21 diesem
1659 1425 49 21 Briefe.
1729 1426 25 21 Sch
1761 1426 41 21 fühle
1818 1427 31 21 mich

1313 1446 92 22 verpflichtet,
1418 1445 44 21 Shren
1468 1445 127 21 lobenswürdigen
1613 1445 63 21 Apparat
1685 1445 38 21 unter
1734 1446 22 21 die
1774 1446 77 22 Menschheit

1313 1465 17 21 zu
1340 1465 111 22 veröffentlichen
1461 1465 28 21 und
1499 1465 39 21 kann
1548 1465 76 21 demjelben
1634 1465 22 21 die
1666 1465 49 21 größte
1731 1465 71 21 Belobung
1812 1466 40 21 aus-

1556 1484 20 21 Mit
1586 1484 36 21 aller
1634 1485 94 22 Hochachtung

1311 1485 73 21 ſprechen.

1541 1504 58 21 Mathias
1614 1505 40 21 Eder,
1666 1506 79 21 Zugführer

1493 1526 25 21 der
1533 1525 15 21 k.
1560 1525 17 21 t.
1587 1524 76 21 tronprinz
1678 1524 65 21 Rudolph
1755 1525 44 22 Bahu.

274 1532 35 22 Bettl
318 1531 15 22 b.
346 1531 123 22 Oberleutersdorf
474 1531 15 22 i.
502 1531 68 22 Böhmen,
577 1532 26 22 den
613 1532 26 22 14.
658 1532 32 22 März
700 1533 45 22 1882.

349 1551 61 21 Gechrter
425 1552 30 21 Herr
470 1552 54 20 Adolph
544 1552 54 21 Winter!

250 1571 55 21 Senden
318 1572 22 21 Sie
353 1572 20 21 mir
380 1572 20 21 10
415 1572 39 21 Stück
466 1573 41 21 Shrer
509 1573 17 21 ſo
533 1573 101 21 vortrefflichen
652 1573 103 21 Gichtapparate

223 1589 9 21 à
244 1590 9 21 3
261 1590 22 21 fl.
295 1591 52 21 mittelſt
362 1591 121 21 Poſtnachnahme.

409 1609 90 25 Ergebenster
544 1609 20 25 W.
576 1609 61 25 Tobiſch,
648 1609 88 25 Dberlehrer.

421 1644 47 23 Dlang
476 1644 15 22 i.
502 1644 47 23 Tirol,
556 1645 27 22 den
594 1645 27 22 25.
634 1645 50 22 August
692 1645 44 23 1882.

351 1665 60 20 Gechrter
428 1665 32 20 Herr
479 1665 56 20 Winter!

255 1685 45 20 Wieder
310 1685 35 20 (das
351 1685 42 20 vierte
421 1685 24 20 al)
460 1685 29 20 muß
497 1685 22 20 ich
536 1685 22 20 Sie
567 1685 87 20 freundlichſt
661 1685 61 20 erſuchen
731 1685 24 20 um

225 1704 29 20 eine
266 1704 55 20 baldige
339 1704 66 20 Sendung
414 1704 29 20 von
453 1704 9 20 5
478 1704 40 20 Stück
535 1704 40 20 Shrer
590 1704 109 20 Gichtapparate.
724 1704 32 20 Geld

228 1724 47 20 anbei.
299 1723 24 20 Die
340 1723 39 20 Beute
396 1723 42 20 haben
454 1723 52 20 großes
528 1724 75 20 Vertrauen
615 1724 16 20 u.
635 1724 16 20 J.
663 1724 16 20 w.
699 1724 19 20 In
735 1724 21 20 Er=

230 1743 63 21 wartung
307 1743 60 20 baldig.r
390 1744 65 20 Sendung
472 1744 55 20 geharrt
539 1745 16 20 in
572 1745 34 20 aller
621 1745 94 20 Hochachtung
729 1745 27 20 Ew.

236 1762 95 21 Wohlgeboren
340 1763 84 20 ergebenster

465 1762 74 22 Remigius
560 1762 85 22 Weißteiner,
656 1762 91 23 Cooperator.

446 1796 44 23 Bozen
498 1796 16 23 i.
526 1795 44 23 Tirol,
578 1795 27 22 deu
615 1795 18 22 2.
650 1795 33 23 März
692 1796 46 23 1882.

350 1815 29 20 Ew.
398 1816 104 21 Wohlgeboren!

252 1836 24 20 Ich
285 1835 42 20 danke
341 1835 47 20 Shnen
398 1835 24 20 für
431 1835 24 20 die
462 1835 37 20 zwei
513 1835 72 20 Apparate,
594 1836 16 20 da
620 1836 24 20 ich
651 1836 37 20 ſelbe
697 1837 8 20 8
722 1837 38 20 Zage

224 1855 24 20 im
265 1854 75 20 Gebrauche
349 1854 44 20 hatte,
398 1854 16 20 ſo
424 1854 42 20 fühle
472 1854 24 20 ich
498 1854 16 20 in
526 1854 42 20 diejer
577 1855 49 20 turzen
641 1855 26 20 Zeit
676 1856 84 21 dedeutende

235 1873 70 20 Besferung
324 1873 47 20 meiner
389 1873 55 20 Leiden.
471 1874 24 20 Sch
509 1874 52 20 erſuche
584 1875 29 20 Sie,
635 1875 21 20 mir
671 1875 32 20 noch
717 1876 39 20 einen

235 1892 60 20 Apparat
303 1893 24 20 für
336 1893 39 20 einen
393 1893 52 20 Freund
456 1893 24 20 per
497 1893 82 20 Nachnahme
589 1893 16 20 zu
614 1893 57 20 senden.

555 1912 16 20 I.
580 1911 27 20 von
621 1911 45 20 Rojan,

356 1913 20 21 Mil
391 1913 60 21 Achtung

501 1931 147 22 Dominikaner=Gasfe
662 1932 25 22 Nr.
694 1933 24 22 22.

892 1548 73 22 Tragwein
972 1547 15 22 i.
1000 1547 123 22 Db.Desterreich,
1130 1547 26 22 den
1168 1547 15 21 8.
1196 1547 32 22 Buli
1238 1547 45 22 1882.

866 1568 33 21 Sehr
909 1568 60 21 geehrter
983 1568 33 21 Herr
1029 1568 54 21 Adolph
1106 1568 56 21 Winter!

792 1587 25 21 Sch
833 1587 22 21 bin
870 1587 52 21 ersucht
937 1587 28 21 von
991 1588 73 21 Mehreren,
1076 1588 22 21 die
1117 1588 36 21 Shre
1168 1587 71 21 heilbaren
1259 1587 42 21 Gicht=

770 1608 67 21 apparate
849 1608 59 21 tragen,
921 1607 22 21 um
958 1607 43 21 dafür
1016 1607 25 21 den
1054 1607 70 21 innigſten
1141 1607 38 21 Dank
1186 1607 115 21 auszuſprechen,

767 1627 48 21 indem
831 1627 35 21 diese
886 1627 104 21 Gichtapparate
1003 1627 30 21 sehr
1050 1627 33 21 gute
1103 1627 51 21 Dienſte
1167 1627 56 21 leiften.
1254 1627 47 21 Meinan

767 1647 96 21 tiefgefühlten
878 1647 38 21 Dank
929 1647 30 21 muß
969 1647 35 21 auch
1011 1647 22 21 ich
1040 1647 78 21 abstatten,
1125 1647 17 21 da
1151 1646 22 21 ich
1178 1646 41 21 schon
1231 1646 71 21 Beſferung

775 1667 48 20 meiner
842 1666 117 21 Schwerhörigkeit
977 1666 68 20 bemerke.
1067 1666 29 20 kun
1111 1666 34 20 bitte
1158 1666 22 20 ich
1194 1666 73 20 abermals
1277 1666 25 20 um

770 1686 9 20 6
795 1686 37 20 Stüd
850 1686 104 20 Gichtapparate
963 1686 24 20 per
1005 1686 89 20 Machnahme.
1119 1686 71 20 Nochmals
1201 1687 24 20 den
1230 1687 71 20 innigſten

1114 1704 99 20 Achtungsvoll

777 1705 38 21 Dank
825 1705 62 21 geehrter
901 1705 30 21 Herr
952 1705 53 21 Winter.

1046 1722 45 23 Anton
1107 1722 105 24 tollingbaum,
1233 1723 16 23 r.
1256 1724 29 23 86.

916 1758 95 23 Morchenſtern
1019 1758 15 22 i.
1046 1758 70 22 Böhmen,
1124 1758 26 22 den
1159 1758 26 22 10.
1204 1758 26 22 Mai
1239 1759 43 22 1882.

894 1779 32 20 Herr
940 1778 53 21 Adolph
1015 1776 56 21 Winter!

800 1799 22 21 Mit
837 1798 48 21 diejem
900 1797 53 21 erſuche
965 1797 22 20 ich
1007 1797 24 20 Sie
1041 1797 48 20 ſofort
1098 1797 24 20 per
1137 1797 126 22 Bost-Machuahme
1276 1799 27 21 für

769 1818 41 21 einen
827 1817 51 21 Freund
898 1817 22 21 mir
935 1816 38 21 einen
996 1816 96 21 Gichtapparat
1104 1817 19 21 zu
1136 1817 59 21 senden.
1220 1818 84 22 Gleichzeitig

777 1838 30 21 muß
814 1837 22 21 ich
845 1836 77 21 beerken,
930 1836 30 21 vaß
977 1836 22 21 der
1009 1836 30 21 von
1056 1836 46 21 Shnen
1114 1836 72 21 erhaltene
1206 1837 98 22 Gichtapparat

777 1857 22 21 mir
814 1856 22 21 die
850 1856 43 21 besten
919 1855 51 21 Dienſte
984 1855 59 20 geleiſtet
1058 1855 30 21 hat,
1102 1855 35 21 denn
1144 1856 22 21 ich
1176 1856 38 21 habe
1233 1857 19 21 mit
1270 1857 33 21 Noth

769 1877 41 22 keine
824 1876 46 22 Stiege
879 1875 51 21 hinauf
940 1874 27 21 und
976 1874 66 21 hinunter
1053 1874 35 21 noch
1097 1874 27 21 viel
1136 1875 56 21 weniger
1199 1875 41 21 gehen
1249 1876 55 22 köunen

772 1897 28 21 und
808 1896 33 21 jest
848 1895 30 21 jind
895 1895 38 21 meine
947 1894 38 21 Füße
992 1894 17 20 ſo
1018 1894 48 21 leicht,
1079 1895 24 21 als
1118 1895 38 21 wenn
1162 1895 22 21 ich
1194 1896 19 21 20
1228 1897 46 21 Sahre
1280 1898 25 21 alt

777 1916 40 21 wäre,
827 1915 43 21 dafür
879 1914 43 21 bürgt
934 1913 30 21 mein
982 1913 86 21 Chrenwort.

1021 1933 18 22 S.
1049 1933 67 22 Zenkner,
1129 1933 157 23 Glas-Exporthaudel.

882 1934 23 21 Mit
917 1933 61 21 Achtung

1474 1559 76 21 Sternberg
1558 1559 17 21 in
1595 1559 60 21 Mähren,
1665 1559 25 21 den
1706 1559 25 21 10.
1749 1559 28 21 Mai
1784 1560 45 21 1882.

1439 1580 42 21 Herru
1496 1579 55 21 Adolph
1571 1579 53 20 Winter,
1638 1579 58 21 Stettin.

1340 1599 19 20 Es
1371 1599 19 20 ift
1405 1599 30 20 uns
1452 1599 76 20 angenehm
1543 1599 45 20 Shnen
1611 1599 74 20 mittheilen
1697 1599 17 20 zu
1723 1599 63 21 können,
1793 1600 29 20 daß
1832 1600 16 20 it

1320 1619 43 21 Folge
1378 1619 25 21 der
1417 1618 43 21 durch
1472 1618 43 20 unjer
1530 1618 40 20 Blatt
1582 1618 111 21 veröffentlichen
1710 1619 64 21 Beilagen
1789 1620 22 21 die
1820 1620 31 21 von

1315 1638 30 21 hier
1355 1638 70 21 beftellten
1442 1638 107 21 Gichtapparate
1563 1638 35 21 ganz
1611 1638 88 21 vorzügliche
1717 1639 96 21 Heilrejultate
1822 1640 27 21 zur

1323 1659 40 20 Folge
1372 1659 55 20 hatten.
1450 1658 104 20 Insbesondere
1566 1658 29 20 dem
1616 1658 45 20 Fürſt.
1675 1658 71 20 Lichtenſt.
1758 1659 93 21 Forftmeiſter

1320 1679 42 20 Herrn
1380 1679 68 20 Zirnfuß,
1459 1679 52 20 welcher
1527 1679 58 20 mehrere
1604 1678 50 20 Wochen
1663 1678 42 20 durch
1720 1678 68 20 gichtijche
1800 1678 47 20 Beiden

1315 1698 30 20 ans
1360 1698 30 20 Bett
1399 1698 61 20 gefesfelt
1470 1699 32 20 war,
1512 1699 25 20 hat
1546 1698 22 20 die
1585 1698 77 21 Benuzung
1674 1698 40 21 Shrer
1729 1698 77 21 Gichtketten
1816 1698 36 21 nach

1323 1717 56 20 Berlauf
1393 1718 30 20 von
1440 1718 9 20 3
1469 1718 45 20 Tagen
1532 1718 35 20 ganz
1581 1718 51 20 gesund
1649 1718 69 20 gemacht.
1745 1718 22 20 Wir
1785 1717 64 20 gestatten

1321 1738 46 21 Shnen
1382 1738 30 21 von
1427 1737 96 21 vorſtehender
1548 1737 85 21 Mittheilung
1649 1736 85 21 öffentlichen
1754 1736 67 21 Gebrauch
1831 1736 17 21 zu

1321 1757 58 20 machen.

1540 1756 91 22 Hochachtend

1340 1777 72 21 tedaction
1424 1777 27 21 und
1467 1777 115 21 Adminiſtration
1591 1777 27 21 des
1634 1776 91 21 Sternberger
1742 1776 95 21 Bolksblatts.

1420 1798 34 22 Soh.
1466 1797 42 22 Kritt,
1521 1796 94 22 Herausgeber
1627 1795 26 21 und
1671 1795 85 22 Redacteur.

1399 1830 104 22 Waizenkirchen
1510 1830 15 22 i.
1538 1830 123 22 Ob.=Defterreich,
1669 1829 26 22 den
1708 1829 15 22 2.
1736 1829 40 22 April
1786 1829 48 22 1882.

1438 1851 32 20 Ew.
1487 1851 108 20 Wohlgeboren!

1342 1870 36 21 Ihre
1391 1870 70 21 Apparate
1476 1871 72 20 verdienen
1562 1871 38 21 alles
1617 1870 72 21 Bertrauen
1707 1869 27 21 und
1751 1868 22 21 Sie
1786 1868 27 21 als
1828 1867 24 21 Er=

1316 1889 48 21 finder
1373 1889 37 20 alles
1425 1890 32 20 Bob.
1483 1890 22 20 Ich
1514 1890 53 20 erſuche
1582 1890 22 20 Sie
1613 1890 74 20 abermals
1699 1890 24 20 per
1735 1890 115 21 Boſtnachnahme

1319 1908 9 21 5
1342 1908 40 21 Stück
1392 1909 27 21 von
1434 1909 46 21 Shren
1490 1909 80 21 berühmten
1587 1910 43 21 Retten
1639 1910 17 20 zu
1666 1910 65 20 ſchicken.

1596 1929 136 21 Hochachtungbvoll

1519 1947 43 22 Franz
1575 1948 46 22 Ruuz,
1634 1948 15 22 k.
1662 1948 15 22 M.
1693 1947 113 23 Gerichtsbiener.

397 1965 61 20 Miltigau
465 1965 17 20 i.
494 1965 69 21 Böhmen,
569 1965 25 21 den
606 1966 17 20 5.
634 1966 50 21 Auguſt
695 1968 46 21 1882.

305 1985 95 20 Schäzbarſter
417 1985 29 20 Herr
462 1986 52 20 Adolph
536 1986 44 20 Winter
587 1986 16 20 in
620 1986 58 20 Stettin.

260 2004 19 20 Mit
301 2004 78 20 Bergnügen
393 2004 42 20 theite
447 2004 24 20 ich
491 2004 44 20 Shneu
555 2005 29 20 mit,
598 2005 26 20 daß
642 2006 21 20 mir
678 2006 24 20 der
716 2007 42 21 Gicht=

228 2023 69 21 apparat,
311 2023 53 20 welchen
370 2023 24 20 ich
402 2023 53 20 bereits
466 2023 9 20 4
495 2023 50 21 Wochen
554 2024 79 21 brauchbar
643 2025 71 21 anwende,
728 2027 29 21 mein

227 2042 71 20 leidendes
313 2042 40 20 Rebel
362 2043 60 20 gehoben
437 2043 32 20 hat.
493 2044 22 20 Ich
527 2044 27 20 litt
568 2044 60 21 nämlich
643 2045 19 20 13
682 2046 42 21 Sahre
739 2046 19 20 an

233 2062 152 21 Hämorrhoidalleiden
402 2062 27 20 und
444 2062 45 21 stellte
499 2062 30 21 ſich
543 2063 63 21 nachdem
621 2064 35 21 noch
668 2064 92 22 trampigicht

228 2082 30 21 ein,
270 2082 46 21 welche
331 2082 30 21 mich
370 2082 70 21 nöthigte,
444 2082 54 21 täglich
507 2082 40 21 unter
557 2083 25 21 den
594 2083 69 22 heftigſten
681 2085 77 22 Schmerzen

225 2101 48 20 liegen
282 2101 17 20 zu
313 2101 48 20 müssen
373 2101 27 20 und
409 2101 32 20 jest
451 2101 63 21 nachdem
521 2102 24 20 ich
562 2103 42 21 Shren
622 2104 94 22 Gichtapparat
730 2106 27 21 das

228 2121 35 20 erſte
284 2121 24 20 Mal
318 2121 63 20 anlegte,
387 2121 24 20 bin
418 2122 22 20 ich
454 2122 47 20 wieder
510 2122 50 21 gejund
572 2123 27 20 und
613 2124 37 21 kann
665 2124 57 21 arbeiten
739 2126 21 20 wie

228 2141 58 21 früher;
306 2140 9 20 —
327 2140 32 20 auch
368 2140 25 20 bei
400 2140 24 20 der
436 2141 58 21 anderen
511 2141 43 21 Frau,
561 2142 22 21 die
592 2142 24 21 zur
628 2143 55 21 gleichen
701 2144 27 21 Beit
740 2145 23 21 mit

233 2160 25 20 mir
267 2160 37 20 einen
321 2160 61 20 Apparat
397 2160 63 20 erhalten
477 2160 29 20 hat,
516 2161 22 20 iſt
553 2161 71 21 Befferung
633 2162 92 22 eingetreten;
745 2163 7 20 —

233 2180 30 20 was
273 2180 22 20 die
309 2180 41 21 Folge
362 2180 43 21 hatte,
412 2181 30 21 daß
449 2181 30 21 eine
483 2181 48 21 zweite
543 2181 64 21 Sendung
614 2182 17 21 in
643 2182 40 21 unjer
696 2182 65 21 Nachbar=

231 2200 32 20 dorf
272 2200 66 21 verlangt
351 2200 51 21 wurde,
416 2201 27 20 und
455 2201 40 21 unter
505 2201 43 21 diejen
562 2202 71 21 Leidenden
645 2203 22 21 ist
674 2203 22 21 ein
718 2204 43 21 Mann,

231 2219 30 20 dem
270 2219 32 20 jede
316 2219 40 21 Hülfe
366 2219 27 20 und
402 2220 32 20 jede
449 2220 56 21 Arzenei
511 2221 69 21 fruchtlos
592 2221 48 21 blieb;
652 2222 24 21 jeit
688 2223 27 21 den
724 2223 39 21 paar

238 2238 54 20 Lagen,
303 2238 17 20 wo
329 2238 17 20 er
356 2239 25 20 den
395 2239 64 21 Apparat
465 2239 43 21 trägt
512 2240 22 21 ijt
549 2240 72 21 Besserung
627 2241 90 22 eingetreten.
737 2243 26 21 Sch

230 2257 35 21 sage
277 2258 46 21 Shnen
332 2258 43 21 daher
390 2259 48 21 meinen
448 2259 114 21 verbindlichſten
579 2260 35 21 Dank
628 2261 27 21 und
676 2261 46 21 wollen
739 2261 25 21 Sie

233 2277 25 21 mir
274 2277 33 21 noch
322 2277 9 21 5
346 2277 39 21 Stüď
405 2278 103 22 Gichtapparate
524 2279 25 21 per
569 2280 31 21 Boſt
615 2280 90 22 überſenden.
728 2281 31 21 Geld

541 2299 22 20 Mit
575 2299 96 20 Hochachtung

473 2315 44 24 Georg
530 2315 94 24 Schärbaum,
635 2316 106 26 Mirchendiener.

392 2349 79 23 Schönberg
478 2350 15 22 i.
503 2351 54 22 Heſsen,
565 2351 26 22 den
601 2352 18 22 3.
631 2352 57 22 October
698 2353 46 22 1882.

354 2369 29 20 Ew.
404 2369 105 21 Wohlgeboren.

260 2387 42 20 Durch
320 2388 48 20 Gräfin
381 2388 78 21 Eglofffiein
469 2389 17 20 in
500 2389 78 21 Sillginnen
590 2390 16 20 B.
621 2391 65 21 Skandau
694 2392 32 21 find
740 2392 24 20 mir

239 2407 35 20 Ihre
288 2407 84 21 electriſchen
391 2408 45 20 Retten
448 2409 81 21 empfohlen
546 2410 60 21 worden,
615 2411 16 20 ſo
651 2412 45 21 möchte
703 2413 24 21 ich
742 2414 21 21 Sie

236 2426 52 20 bitten,
300 2427 24 20 mir
333 2427 31 20 eine
376 2428 37 20 Rette
422 2428 24 20 per
463 2428 83 20 Machnahme
555 2429 16 20 zu
580 2428 60 20 senden.

302 2446 101 20 Achtungsvoll

459 2447 50 21 Maria,
524 2447 45 22 Gräfin
582 2448 26 21 von
620 2448 28 22 und
658 2449 17 21 zu
691 2449 54 22 Erbach.

230 2296 51 20 anbei.

850 1972 60 22 Biktriag
914 1972 23 22 bei
953 1972 79 22 Magenfurt
1034 1972 18 22 in
1061 1972 68 22 Rärnten,
1134 1972 26 22 den
1167 1973 18 22 1.
1198 1973 34 22 März
1239 1973 47 22 1882.

895 1992 35 21 Guer
951 1991 105 21 Wohlgeboren!

798 2012 20 21 Da
822 2012 22 21 ich
849 2012 28 21 von
884 2012 25 21 der
919 2012 103 21 wohlthuenden
1037 2012 57 21 Wirkung
1107 2012 41 21 Shrer
1158 2012 106 21 Gichtapparate
1276 2013 29 21 mich

769 2032 45 20 jelbft
821 2032 73 20 überzeugt
902 2032 42 20 habe,
948 2032 16 20 ſo
972 2032 35 20 bitte
1013 2032 22 20 ich
1047 2032 22 20 mir
1078 2032 32 20 noch
1114 2032 9 20 1
1135 2032 40 20 Stick
1179 2032 42 20 gegen
1233 2032 70 20 Boſtnach=

772 2052 53 21 nahme
829 2051 50 21 senden
883 2051 17 21 zu
910 2051 55 21 wollen.
986 2051 101 21 Achtungsvoll
1107 2052 63 22 Baurenz
1180 2053 55 22 Alteſch,
1245 2053 59 22 Bfarrer.

786 2089 81 23 Ebersdorf
874 2089 18 22 a.
896 2089 18 22 D.
925 2089 35 22 Zaia
970 2089 24 22 bei
1010 2089 100 22 Böhmiſchkrut
1115 2089 18 22 in
1157 2090 137 24 ieder=Deſterreich.

936 2109 27 20 den
973 2109 27 21 23.
1015 2110 77 21 September
1104 2111 47 21 1882.

900 2130 62 21 Gechrter
975 2130 33 21 Herr
1029 2130 57 21 Winter!

801 2151 22 20 Sch
832 2151 37 20 kann
881 2150 37 20 nicht
927 2150 55 20 umthin,
989 2150 21 20 die
1020 2150 27 20 von
1058 2150 45 20 Ihnen
1113 2150 76 20 bezogenen
1203 2151 105 21 Gichtapparate

775 2170 30 21 und
814 2169 86 21 diejenigen,
912 2168 45 20 welche
964 2168 22 20 ſie
997 2168 34 20 nadh
1047 2168 47 20 Shrem
1111 2168 68 21 Proſpecte
1188 2169 86 21 rechtmäßig
1286 2170 22 20 ge=

774 2188 84 21 brauchten,
863 2188 32 20 ſind
904 2188 50 20 richtig
964 2188 27 20 alle
1003 2188 50 20 geheilt
1070 2188 63 20 worden;
1153 2188 9 20 —
1174 2188 19 20 es
1199 2189 19 20 iſt
1228 2189 43 21 daher
1288 2190 21 20 mit

782 2208 38 21 Recht
829 2207 30 20 eine
878 2207 87 20 Wunderkette
974 2207 17 20 zu
1003 2207 63 20 nennen,
1073 2207 37 20 denn
1125 2207 16 20 wo
1154 2208 29 21 kein
1200 2208 50 21 Doctor
1263 2209 46 21 helfen

773 2227 59 21 konnte,
844 2227 82 21 denjenigen
944 2227 25 21 hat
981 2227 22 21 die
1021 2227 161 21 Gichtapparaten-Rette
1194 2228 72 21 geholfen.
1289 2228 9 21 E

779 2249 42 21 grüßt
830 2248 61 21 vielmal
905 2247 27 20 Shr
942 2246 55 21 aufrich
999 2246 32 21 iger

839 2266 33 23 Boſ.
884 2264 72 23 Bammer,
961 2264 18 22 I.
992 2264 117 22 Gemeinde-tath
1120 2264 15 22 u.
1148 2264 142 26 Deconomiebeſizer.

937 2303 72 22 Reu-Arad
1017 2304 15 22 i.
1044 2304 64 22 Ungarn,
1116 2305 26 22 den
1154 2305 17 22 5.
1184 2306 50 22 Auguſt
1245 2306 46 22 1882.

902 2323 41 21 Herrn
958 2324 54 21 Adolph
1032 2325 51 21 Winter,
1099 2324 55 21 Stettin.

804 2344 62 21 Nachdem
883 2344 33 21 Ihre
930 2344 51 21 Retten,
994 2344 46 21 welche
1052 2344 22 21 Sie
1089 2345 25 21 mir
1120 2345 22 21 int
1162 2345 46 21 Monat
1223 2346 38 21 Iuni
1268 2346 17 21 d.
1294 2347 9 21 S

774 2364 79 21 zugejandt
863 2363 53 20 haben,
923 2363 27 20 den
959 2363 45 20 besten
1019 2363 50 21 Erfolg
1076 2364 68 21 leifteten,
1157 2365 24 21 bin
1190 2365 24 21 ich
1224 2366 83 22 neuerdings

778 2383 82 21 beauftragt
869 2383 19 20 10
906 2383 37 20 Stück
953 2383 40 20 unter
1010 2383 116 21 Boſtnachnahme
1136 2384 56 21 schicken
1201 2385 19 21 zu
1230 2385 51 21 laſfen.

938 2401 98 23 Achtungsvoli

1080 2403 48 21 Sguatz
1141 2403 51 21 Hadel,
1205 2403 85 21 Kaufmann.

1392 1982 74 22 Sungbuch
1476 1982 18 22 b.
1507 1982 57 22 Freiheit
1571 1982 15 22 i.
1599 1982 68 22 Böhmen,
1675 1982 26 22 den
1711 1982 18 22 1.
1742 1982 35 22 Juni
1787 1982 46 22 1882.

1442 2002 41 21 Herrn
1500 2003 51 21 Adolph
1574 2003 51 21 Winter,
1640 2004 58 21 Stettin.

1344 2021 54 21 Erſuche
1418 2022 25 21 mir
1457 2022 69 21 gefälligſt
1541 2023 35 21 noch
1591 2023 17 21 15
1631 2023 38 21 Stück
1686 2023 70 21 Apparate
1768 2023 51 21 senden
1833 2023 21 21 zu

1324 2041 53 21 wollen.
1400 2041 35 21 Shre
1449 2042 69 21 Apparate
1525 2043 51 21 leiſten
1583 2043 32 21 sehr
1627 2043 32 21 gute
1674 2044 61 21 Dienſte.

1551 2062 99 22 Achtungsvoll

1694 2062 69 22 Dłtavian
1778 2062 55 22 Ganſel.

1336 2099 104 22 Groß-Demfin
1449 2100 17 21 B.
1478 2100 64 21 Genthin,
1557 2101 56 21 Reghez.
1634 2102 88 21 Magdeburg.
1728 2103 27 21 22.
1768 2103 33 21 Dez.
1807 2103 46 21 1881.

1446 2120 62 20 Geehrter
1522 2121 34 20 Herr
1570 2121 16 20 A.
1606 2121 56 20 Winter!

1384 2139 18 20 E8
1412 2139 18 20 ist
1440 2139 24 20 bis
1475 2140 39 20 heute
1523 2140 29 20 erſt
1558 2140 34 20 eine
1611 2141 41 20 Woche
1661 2141 89 20 vergangen,
1760 2142 24 20 als
1793 2142 21 20 ich
1830 2142 24 20 Sie

1322 2158 23 20 um
1355 2158 41 20 einen
1410 2159 193 21 Gichtableitungs-Apparat
1612 2161 36 20 bat;
1657 2161 61 19 derjelbe
1727 2161 56 20 erſchien
1792 2160 23 20 am
1822 2160 33 20 ver=

1323 2178 71 20 gangenen
1407 2179 56 20 Freitag
1475 2179 92 20 Nachmittag,
1578 2180 23 20 wie
1616 2180 21 20 wir
1646 2180 26 20 ihn
1682 2180 69 20 erwartet
1760 2180 54 20 hatten.
1833 2180 21 20 Da

1323 2196 43 20 meine
1381 2196 56 20 Tochter
1451 2197 26 20 den
1493 2198 53 20 ganzen
1563 2199 28 20 Tag
1606 2199 28 20 fast
1648 2199 36 20 ohne
1703 2200 76 20 Bejinnung
1790 2201 36 20 lag,
1838 2201 16 20 ſo

1321 2214 46 21 legten
1382 2215 24 20 wir
1415 2216 72 21 denselben
1496 2217 46 20 jofort
1551 2218 31 20 an;
1592 2219 41 20 schon
1645 2219 34 20 nach
1688 2219 36 20 einer
1741 2220 54 20 Stunde
1810 2220 44 20 waren

1326 2235 46 20 Hände
1384 2236 26 20 und
1430 2236 36 20 Füße
1480 2237 49 20 warm,
1541 2237 24 20 die
1571 2237 16 20 jo
1596 2238 46 20 lange
1649 2238 54 20 eiskalt
1717 2238 44 20 waren
1773 2239 29 20 und
1811 2239 44 20 dieser

1324 2254 31 20 böse
1367 2255 98 21 Starrkrampf
1474 2256 37 20 blieb
1523 2257 72 20 denſelben
1610 2257 44 20 Abend
1663 2257 39 20 schon
1714 2258 29 20 aus
1755 2258 29 20 und
1796 2258 24 20 hat
1827 2257 30 20 ſich

1324 2274 24 20 bis
1359 2275 39 21 heute
1408 2275 34 20 noch
1452 2276 37 20 nicht
1503 2277 47 20 wieder
1559 2277 85 20 eingestellt;
1654 2278 22 20 die
1692 2278 80 20 Geschwulſt
1782 2278 19 20 an
1815 2278 43 20 Arme

1324 2296 29 20 und
1367 2297 39 20 Beine
1413 2297 19 20 ist
1441 2297 65 20 zusehend
1515 2297 67 20 gefallen,
1589 2297 16 20 ſo
1618 2297 29 20 daß
1653 2297 21 20 ſie
1681 2297 42 20 heute
1730 2298 39 20 schon
1779 2298 44 20 ſelost
1827 2298 21 20 fre

1319 2315 19 20 in
1353 2315 24 20 der
1394 2316 42 21 Stube
1454 2317 91 21 umhergehen
1559 2318 45 20 kann.
1631 2318 22 20 Um
1675 2318 47 20 Shrem
1740 2318 32 20 Rath
1789 2319 35 20 aber
1838 2318 17 20 zit

1322 2334 57 21 folgen,
1391 2335 34 20 bitte
1440 2336 21 20 ich
1481 2336 29 20 Sie,
1525 2337 60 20 gechrter
1600 2337 39 20 Herr,
1651 2337 27 20 für
1697 2338 40 20 meine
1751 2338 55 20 Tochter
1821 2337 38 20 noch

1323 2353 32 20 eine
1361 2354 26 20 und
1395 2354 26 20 für
1428 2355 52 21 andere
1487 2356 65 20 Beidende
1559 2356 9 20 5
1582 2356 39 20 Stüct
1628 2357 19 20 zu
1651 2357 60 20 ſenden.
1725 2357 27 20 Shr
1763 2356 63 20 Apparat
1833 2356 24 20 hat

1328 2372 57 21 wirklich
1388 2374 42 21 einen
1449 2375 97 21 Wunderdienſt
1553 2377 66 20 geleiſtet,
1628 2377 44 20 wofür
1676 2377 21 20 ich
1709 2377 47 20 Ihnen
1770 2376 47 20 meinen
1825 2375 34 20 auf=

1323 2391 77 22 richtigſten
1412 2393 40 21 Dank
1454 2394 40 21 sage.
1512 2395 135 21 Hochachtungsvoll
1662 2396 51 20 Auguſt
1722 2396 59 21 Brandt,
1796 2395 64 21 Schäfer.

537 2480 49 22 Trieft,
593 2481 27 22 den
629 2481 18 22 3.
666 2482 27 22 Mai
700 2483 45 23 1882.

357 2499 92 21 Hochgeehrter
464 2500 32 20 Herr
511 2500 17 20 I.
548 2500 55 21 Winter!

259 2517 30 20 Sw.
306 2517 95 21 Wohlgeboren
411 2518 54 21 erſuche
476 2519 22 21 ich
510 2519 35 21 noch
555 2520 9 20 2
581 2520 38 21 Stücc
633 2521 103 22 Gichtapparate
745 2523 17 21 zu

230 2537 60 21 senden,
302 2537 44 21 wofiir
353 2537 23 21 ich
387 2537 47 21 Shnen
448 2537 49 21 meinen
515 2538 38 21 Dank
560 2539 89 23 ausſpreche.
669 2542 27 22 Gilt
704 2543 38 22 ſehr.

514 2558 67 20 Brojejor
598 2559 50 21 Blacid,

429 2575 22 21 Via
466 2576 38 21 della
519 2576 67 21 Barriesa
597 2577 59 21 vecchia
671 2579 27 21 No.
708 2579 23 21 11.

278 2609 50 22 Seiner
349 2610 93 22 Wohlgeboren
458 2611 45 22 Herrn
518 2612 53 21 Adolph
591 2612 56 21 Winter,
659 2612 62 21 Stettin!

263 2629 46 21 Womit
321 2629 22 21 ich
358 2629 30 21 dem
403 2629 44 21 Herrn
464 2630 54 21 Adolph
538 2631 46 21 Winter
597 2631 20 21 su
634 2632 51 22 Stettin
694 2633 70 22 bestätige,

231 2650 30 21 daß
276 2650 41 21 meine
332 2650 44 21 Frau,
393 2650 46 21 welche
444 2650 28 21 ſeit
481 2651 51 21 langer
547 2651 28 21 Beit
584 2652 43 21 heftig
643 2652 20 21 an
672 2653 91 22 gichtartigen

239 2668 115 22 Rheumatismus
367 2669 27 21 und
412 2670 118 22 Nervenſchwäche
537 2671 17 21 zu
563 2671 46 21 leiden
622 2671 43 21 hatte,
677 2672 35 21 nach
725 2672 41 21 zwei=

238 2688 89 21 monatlichen
336 2688 70 21 Gebrauch
408 2688 25 21 des
437 2689 30 21 von
472 2689 75 21 demjelben
551 2689 86 22 erfundenen
650 2691 116 22 Gichtableitung=

238 2709 78 21 Apparates
320 2709 86 21 vollſtändig
410 2710 51 21 geheilt
471 2710 51 21 wurde,
524 2710 43 21 daher
569 2711 22 21 ich
596 2711 43 21 dieſen
649 2711 62 21 Apparat
717 2711 49 21 Seder=

238 2727 47 21 mann,
297 2728 52 21 welcher
359 2728 20 21 an
388 2728 49 21 diejem
452 2729 38 21 Nebel
500 2729 49 21 leidet,
559 2730 28 21 anf
597 2730 28 21 das
639 2731 36 21 Beſte
685 2732 78 22 empjehlen

231 2748 44 21 lann,
284 2748 38 21 ohne
332 2748 28 21 das
366 2748 49 21 damit
422 2748 25 21 ein
462 2748 75 22 Schwindel
547 2749 83 22 vorhandeu
637 2751 25 21 iſt.

255 2769 28 21 Laa
292 2769 38 21 a./o.
343 2769 49 21 Thana
401 2769 168 21 i./Rieder=Desterreich,
576 2769 28 21 den
616 2769 46 21 16./2.
672 2770 42 21 1881.

385 2789 59 21 Mathias
459 2789 93 21 Steinbauer,
559 2789 17 21 k.
583 2789 14 21 k.
612 2790 140 23 Gerichts=Canzlist.

933 2439 56 22 Türnau
998 2439 15 21 in
1034 2440 61 22 Mühren,
1102 2441 28 22 den
1141 2441 29 22 22.
1179 2441 59 22 Sanuar
1248 2442 44 22 1882.

900 2460 43 20 Herrn
958 2460 53 20 Adolph
1031 2460 53 20 Winter,
1098 2460 56 20 Stettin.

803 2479 27 20 Bor
839 2479 43 20 allem
892 2479 58 20 anderen
960 2479 43 20 danke
1009 2479 22 20 ich
1035 2479 22 20 im
1072 2480 48 21 tamen
1135 2480 61 21 mehrerer
1205 2481 74 21 Beidenden
1284 2482 28 21 für

777 2499 22 21 die
811 2498 56 21 Heilung
878 2498 27 20 von
925 2497 100 20 Magenkrampf
1029 2497 42 20 durch
1081 2498 35 21 Shre
1128 2498 69 21 Apparate
1206 2499 27 21 und
1242 2500 70 22 empfehle

774 2519 38 21 selbe
826 2518 43 21 jedem
883 2517 74 21 Beidenden
974 2517 27 20 auf
1013 2517 27 20 das
1060 2517 66 21 wärmite,
1135 2518 19 20 da
1161 2518 22 21 ich
1189 2519 42 21 ſeloft
1246 2520 27 21 von
1285 2520 24 21 den

777 2537 107 21 obengedachten
896 2537 48 20 Beiden
956 2537 47 20 befreit
1015 2537 53 20 wurde.
1090 2538 53 21 Erſuche
1152 2538 19 20 un
1191 2539 121 22 Boſtnachnahme=

782 2557 82 21 Zusendung
874 2557 24 21 für
908 2557 53 21 andere
970 2557 64 20 Leidende
1041 2557 9 20 5
1064 2557 37 21 Stück
1117 2557 103 22 Gichtapparate
1226 2558 27 21 und
1260 2559 52 21 zeichne

924 2576 98 22 Achtungnvoll

1089 2576 40 22 llbin
1141 2576 51 22 Hader,
1205 2577 89 22 Kaufmann.

937 2614 60 21 Bukareft
1002 2614 17 21 in
1031 2614 85 22 Rumänien,
1120 2615 28 21 den
1155 2616 17 21 5.
1182 2616 60 22 Februar
1249 2617 45 21 1882.

900 2635 43 21 Herrn
958 2634 54 21 Adolph
1032 2634 51 20 Winter,
1098 2634 62 21 Stetiin!

803 2654 35 20 Shre
847 2654 69 20 Apparate
923 2654 74 21 bewähren
1004 2655 35 20 jich,
1043 2655 30 20 eine
1085 2655 50 21 Dame,
1142 2655 22 20 die
1169 2655 40 21 durch
1216 2656 97 21 rheumatische

784 2673 77 20 Schmerzen
874 2673 72 21 ſchlafloje
960 2673 45 21 Mächte
1021 2673 43 21 hatte,
1076 2674 61 21 befindet
1146 2674 35 21 ſich,
1188 2675 56 21 feitdem
1257 2676 19 21 sie
1285 2676 29 21 den

784 2693 61 20 Apparat
854 2693 58 20 benuzt,
916 2693 50 20 besier,
971 2693 19 20 in
999 2693 24 20 der
1033 2694 42 21 erſten
1090 2694 40 21 Macht
1137 2695 50 21 kounte
1194 2695 22 21 ſie
1222 2696 42 21 ſchon
1269 2697 42 21 ruhig

782 2712 63 21 chlafen.
867 2712 58 21 Hiermit
932 2713 40 21 jende
984 2713 45 21 Shnen
1041 2714 17 20 30
1073 2714 61 21 Gulden,
1140 2715 35 21 bitte
1189 2715 22 20 mir
1218 2716 61 21 ſogleich
1288 2716 24 21 per

784 2732 31 22 Boſt
825 2731 17 21 10
860 2731 39 21 Stük
906 2731 50 21 franke
965 2731 17 21 zu
992 2732 57 22 jenden.

978 2752 20 21 Mit
1007 2752 36 21 aller
1058 2753 61 21 Achtiung

1067 2771 52 22 Rudslf
1132 2771 71 22 Sdwalb,
1213 2772 81 24 Apotheker.

1091 2793 43 22 Calea
1149 2794 54 22 moſilor
1216 2794 26 22 Mr.
1250 2794 28 22 91.

1415 2427 63 23 Zederſtz
1487 2428 15 22 b.
1513 2428 57 22 Hollfeko
1580 2429 15 22 t.
1605 2429 60 22 Banern,
1673 2429 18 22 b.
1698 2429 18 22 3.
1723 2428 60 22 Ortober
1790 2427 46 23 1881.

1449 2446 60 22 Gechrter
1524 2448 33 21 Herr
1577 2449 55 21 Winter!

1347 2465 25 21 Sch
1379 2465 25 21 bin
1408 2466 27 21 jett
1442 2466 30 21 dem
1481 2466 67 21 Feldzuge
1555 2467 64 21 1870/71
1626 2468 30 21 jehr
1663 2468 54 21 leideno
1723 2468 67 21 gewejen,
1799 2468 27 20 was
1833 2468 17 20 te

1331 2483 22 21 mir
1359 2484 58 22 daſelbst
1422 2485 76 22 zugezogen
1505 2487 45 21 habe;
1556 2488 27 20 alle
1587 2488 74 21 ärztlichen
1678 2488 40 20 Mittel
1725 2488 35 20 habe
1766 2487 90 21 angewendes

1326 2502 27 21 und
1365 2503 46 22 nichts
1420 2504 40 21 half;
1467 2505 22 21 ich
1504 2506 43 21 wurde
1551 2506 43 21 ſogar
1604 2507 38 21 4ntal
1648 2507 54 20 overirt
1714 2507 27 21 und
1751 2507 25 21 die
1785 2506 67 21 tranthek

1321 2521 45 21 stellte
1371 2523 27 21 ſich
1402 2523 50 21 immer
1462 2524 48 21 wieder
1514 2525 29 21 ein,
1548 2526 29 21 alle
1587 2526 45 21 Verzte
1636 2526 79 20 zweifelten
1719 2527 43 20 jogar
1766 2527 19 20 an
1802 2526 57 21 Wieder-

1327 2541 81 22 herſtellung
1420 2543 48 21 meiner
1482 2544 86 21 Gejundheit.
1589 2545 42 20 Durch
1643 2546 35 20 Shre
1690 2546 69 20 Apparate
1765 2545 66 20 gelangte
1835 2545 17 20 to

1329 2561 47 21 wieder
1383 2562 19 20 zu
1416 2563 47 21 meiner
1470 2564 57 21 vortgen
1545 2565 78 21 Gejundheit
1632 2565 29 20 und
1673 2565 50 20 werden
1732 2565 42 20 daher
1786 2565 35 20 Shre
1832 2564 24 20 An=

1326 2581 49 21 parate
1382 2582 24 20 als
1423 2583 54 21 Wunder
1482 2584 80 21 anerfannt
1565 2585 29 20 und
1601 2586 26 20 alle
1637 2586 47 20 Leute,
1685 2586 24 20 die
1718 2586 29 20 mich
1751 2586 44 20 zuvor
1802 2585 55 20 gesehen

1326 2601 29 20 und
1359 2602 31 20 jest
1393 2603 49 21 ſehen,
1443 2604 52 20 sagen,
1499 2604 16 20 es
1520 2605 19 20 iſt
1543 2605 42 20 kaum
1588 2605 16 20 zu
1611 2605 70 20 glauben,
1685 2605 37 20 denn
1728 2605 21 20 die
1758 2605 44 20 Aerste
1807 2604 50 20 sagten

1327 2620 29 21 alle
1363 2620 19 21 zu
1394 2621 32 21 mir:
1433 2622 19 20 es
1461 2622 37 21 kann
1513 2623 22 20 Dir
1547 2623 35 20 nicht
1593 2624 35 20 mehr
1635 2624 66 20 geholfen
1712 2624 58 20 werden.
1788 2624 24 20 Sh
1819 2624 35 20 aber

1329 2639 58 21 gechrter
1399 2641 32 21 Herr
1446 2642 53 21 Winter,
1503 2642 24 21 bin
1534 2643 40 21 durch
1586 2643 35 21 Shre
1631 2644 69 21 Apparate
1704 2644 32 20 jest
1745 2644 48 20 wieder
1797 2644 61 20 gejund;

1329 2658 27 21 und
1365 2659 37 21 kann
1414 2660 27 21 und
1456 2661 32 21 muß
1497 2661 35 21 Shre
1541 2662 68 21 Apparate
1619 2663 35 20 aitjs
1663 2663 35 20 beste
1707 2663 76 20 empfehlen
1795 2663 30 20 uno
1832 2663 27 20 bin

1326 2677 43 22 daher
1384 2679 46 22 wieder
1444 2680 27 21 von
1481 2681 56 21 einigen
1554 2682 64 21 Berſonen
1630 2683 90 21 beaujtragt,
1733 2683 9 20 6
1759 2683 38 21 Stüc
1806 2682 55 21 ſolches

1334 2698 66 22 Apparate
1412 2700 24 21 vor
1451 2700 115 22 Poſtnachnahme
1575 2702 63 21 kommen
1648 2703 17 20 zu
1674 2703 57 20 laſfen.

1420 2720 28 21 Wit
1460 2721 97 23 Hochachtung

1649 2721 27 21 Sor
1686 2722 75 21 ergebener

1565 2741 58 21 Bohana
1637 2741 84 21 Dbruhäjer,
1736 2741 109 22 Sáuhmachez.

1329 2756 26 22 und
1368 2757 73 23 nochmals
1456 2759 51 22 meinen
1514 2760 73 22 innigſten
1602 2761 45 22 Dant,
1658 2761 62 22 gechvter
1732 2761 34 22 Herr
1787 2761 57 22 Winter.

1552 2800 42 23 Druď
1605 2800 27 23 von
1648 2800 18 23 S.
1680 2800 80 23 Galomon,
1773 2800 58 23 Stettin.
