1849 2818
352 34 64 36 Meine
445 31 118 37 Apparate
574 30 51 36 ſind
645 29 56 36 lant
726 27 145 37 Eintragung
886 26 29 35 in
935 25 42 36 das
1024 23 163 37 Muſterregiſter
1206 22 109 36 geleblich
1336 20 111 36 geſchübl.

557 154 83 122 il

698 119 183 120 gegen
940 119 147 107 Gich

1173 153 46 100 R

31 472 77 27 Gramberg
117 470 23 22 bej
150 468 76 23 Bauhcím,

53 489 100 28 Warttemberg.

51 511 61 25 Geehrter
129 508 31 22 Herr
175 506 52 23 Wbolph

34 532 57 25 Winter!
105 529 21 23 Da
135 527 35 23 Före
179 524 48 24 Gicht=

22 552 52 24 fetten,
83 551 24 23 die
122 549 24 23 Sie
155 547 27 23 mir
191 545 27 23 anm

25 574 29 23 27.
66 572 15 22 v.
104 570 18 22 M.
134 565 80 25 zugejaubt

25 591 53 25 haben,
79 589 32 23 ſehr
114 587 32 23 gute
158 584 51 23 Dienſte

26 610 58 25 geleiftet
96 608 28 22 und
138 607 18 22 es
176 605 33 22 Tag

35 632 15 22 ur
59 629 28 23 Tag
94 628 26 22 ben
132 624 76 24 Bersonen,

27 651 23 23 bie
62 648 34 23 Shre
114 645 45 23 Retten
171 643 35 22 tra-

26 670 35 22 gen,
64 668 43 23 beffer
116 665 40 23 geht,
157 664 18 22 ſo
181 662 26 23 bin

23 690 24 22 tcj
61 687 48 23 wieder
123 682 89 25 beauftragt,

29 709 10 22 z
51 707 38 23 Stic
101 705 30 23 anj
147 700 67 25 Boſtvor=

30 728 35 24 chnß
75 724 55 25 jchiden
138 722 19 22 zu
160 720 57 24 laffen.

49 747 40 23 Unter
106 744 26 23 den
150 739 68 25 geheilten

33 766 65 25 Perionen
118 761 62 25 befinbet
192 759 27 23 fich

24 787 32 23 eine
69 784 43 24 Fran,
116 783 21 23 Die
140 781 27 23 litt
171 778 54 25 täglich

27 809 21 22 an
60 803 81 26 Krämpfen,
145 802 18 22 ſo
175 800 29 23 baß
211 798 25 23 ſte

26 826 56 24 krani
88 821 81 25 zusamten
181 818 59 24 gezogen

31 846 51 25 wurbe.
102 843 29 23 Seit
134 841 35 23 dent
175 838 46 23 Lage,
221 837 30 22 dah

28 868 19 22 ie
53 867 24 22 bie
86 864 38 23 Rette
124 861 51 24 trägt,
182 859 26 23 hat
212 857 24 23 ſie
242 855 24 23 bie

31 885 65 26 krämtpje
103 882 38 24 nicht
141 879 57 24 eimmal
205 877 49 24 wieder
257 875 27 22 be=

27 903 69 26 kommen.
121 899 61 24 Diejelbe
192 897 37 22 läst
246 895 57 22 Shnen,

32 926 31 24 Herr
78 921 53 25 Winter,
129 918 56 24 beftens
189 915 54 23 danken
243 914 30 22 unto
272 913 41 22 jagt,

30 947 23 23 ver
54 944 39 24 liede
97 942 31 23 Goit
131 938 61 24 vergelte
190 935 77 24 esFhuen.
284 932 57 23 Mehrere

176 953 135 25 Hochachtungsvoli

31 964 47 24 Reiten
84 960 49 25 ſpäter

97 978 57 25 Sshann
167 975 55 24 Biher,
234 973 72 24 Gemeinde
318 972 40 22 tath.

89 1026 78 27 Oderlubbe
174 1025 19 23 b.
205 1020 90 26 Rotenufeln,
307 1019 28 23 Br.
350 1017 89 24 Weſtphalen.

65 1051 35 25 Sehr
110 1046 60 26 geehrter
182 1043 32 24 Herr
232 1040 58 24 Winter!
301 1038 25 23 Sch
337 1037 33 23 muß
382 1036 25 22 Sie
413 1036 26 22 um

30 1075 24 24 sie
55 1071 52 26 birekte
114 1066 66 26 Sendung
181 1064 30 23 von
214 1063 10 22 8
234 1061 33 23 Stď.
270 1057 114 26 Gichtapvaraten
387 1056 52 23 bitten.

39 1088 87 29 Sämmtliche
130 1083 71 26 erhaltene
207 1081 46 24 Retten
254 1079 46 23 haben
304 1078 24 22 den
335 1076 77 23 Letdenden
415 1076 25 22 ge=

32 1111 56 26 holfen.
97 1107 40 24 Seute
141 1105 29 23 aus
174 1101 57 25 unierer
234 1098 76 25 Untgegeno
313 1095 65 23 kommen
381 1095 30 22 und
414 1094 26 22 er=

32 1130 69 27 lunbigen
102 1128 29 23 fich
135 1126 26 23 bei
167 1124 23 23 mir
197 1120 59 24 danach,
259 1119 21 22 da
294 1117 32 22 mein
337 1115 48 22 Sohn.
386 1115 27 22 der
418 1114 19 21 an

29 1149 68 27 jcňjweren
107 1143 74 26 Krämpfen
185 1141 34 23 litt,
222 1139 42 23 durch
268 1137 34 22 ihre
311 1136 43 22 Hülfe
356 1135 54 22 gejund
415 1134 26 21 ge=

37 1169 52 24 worden
96 1167 28 23 iſt.
160 1158 133 28 Hochachtungsvoll
316 1156 18 22 F.
348 1153 73 23 Renbaus.

540 1079 133 76 und

806 719 205 51 Gicht-Apparaten.-Fabrik
1022 713 31 27 von
1061 704 64 32 Adolph
1136 694 67 32 Winter.

707 1094 208 89 Seren

1148 1068 91 78 en.

1576 499 49 23 Mörlth
1634 500 24 22 bet
1670 502 85 26 Eilenburg.
1764 507 28 23 Pr.

1603 520 67 22 Sachjen.

1612 539 35 22 Sehr
1665 542 62 23 geehrter
1753 545 36 21 Here

1605 558 55 23 Winter!
1669 561 31 22 Aus
1706 562 49 22 meiner
1762 564 26 21 Ve=

1596 577 89 23 kandtschaft
1699 581 46 22 wurde
1757 584 28 22 von

1599 598 47 21 einem
1663 599 39 22 Bater
1711 601 25 22 die
1751 602 36 22 Vitte

1605 617 20 21 an
1639 618 33 22 mich
1682 619 70 23 gerichtet,
1759 622 25 22 far

1604 636 39 22 ſeine
1652 637 20 21 14
1674 638 60 23 jührige
1743 640 41 22 Zoch-

1604 655 31 22 ter,
1642 656 45 23 welche
1684 658 64 23 längere
1754 660 31 22 Zelh

1607 674 21 22 an
1652 676 66 24 Epilepfie
1735 679 54 23 leldet.

1604 694 31 22 eine
1653 695 72 23 Gichtfette
1732 698 18 22 zu
1764 699 27 22 be=

1602 712 61 24 ſorgen.
1684 716 26 22 Sch
1713 717 37 22 thue
1754 718 34 22 diez

1600 732 25 22 um
1632 734 17 22 ſo
1662 735 50 23 teber,
1719 737 18 21 da
1751 738 42 21 meine

1595 752 50 23 eigene
1672 755 55 23 Tochter
1747 757 42 22 burě

1591 772 26 21 Sie
1635 773 34 22 hoch
1672 774 64 23 gechrter
1753 778 42 23 Hert.

1582 793 61 22 Heilung
1672 794 69 23 gefunden
1764 798 31 22 hat.

1578 810 61 23 Diejelbe
1659 813 28 22 litt
1712 815 37 22 auch
1772 817 21 21 an

1562 831 83 23 trämpfen,
1665 833 45 22 welche
1720 834 26 22 der
1761 835 34 22 Eyi-

1543 852 43 21 levſie
1600 852 34 22 sehr
1652 852 58 23 ähnlich
1725 854 20 22 zu
1761 856 31 22 jelu

1533 870 72 21 schtenen,
1617 871 34 22 aber
1665 872 58 23 jeitdem
1735 875 58 24 diejelba

1519 889 34 21 eine
1578 890 68 22 Gichtřette
1661 892 52 22 trägt,
1728 894 25 22 hat
1771 895 22 22 fie

1505 908 36 22 dieſe
1553 909 65 23 Krämpfe
1636 911 36 22 nicht
1684 913 26 21 ein
1724 914 47 22 einzig
1775 915 18 21 en

1505 928 25 21 Mal
1544 929 47 22 wieder
1600 930 89 23 bekommen,
1696 932 62 23 befindet
1765 935 30 22 fich

1479 946 36 22 auch
1521 947 41 22 ſonft
1574 949 31 21 viel
1620 950 57 22 wohler.
1705 952 49 22 Wollen
1771 954 23 21 Ste

1460 965 17 21 ür
1492 966 22 21 die
1529 967 81 23 gewordene
1630 970 41 22 Hülfe
1691 971 49 22 meinen
1758 973 39 21 hera-

1428 984 49 22 ichſten
1498 986 39 22 Dank
1544 987 79 23 annehmen
1635 989 28 21 und
1675 990 42 22 gegen
1731 991 66 22 Poſtvor-

1393 1003 41 22 ſchuß
1444 1004 33 21 eine
1491 1006 71 22 Gichtkette
1571 1007 63 22 baldigſt
1641 1009 76 23 zusenden.
1739 1012 20 21 In
1768 1013 28 21 ber

1369 1024 73 22 Hoffnung
1448 1025 62 22 baldiger
1520 1026 83 22 Zufendung
1610 1028 65 22 verharre
1678 1029 25 21 ich
1713 1030 22 21 mit
1742 1031 54 22 ausge=

1340 1043 73 21 seichneter
1428 1044 95 22 Hochachtung
1537 1045 28 21 Shr
1571 1046 81 23 dankbarer
1662 1048 36 22 ganz
1707 1050 86 24 ergebenſter

1562 1065 18 21 I.
1600 1066 18 21 W.
1630 1067 72 23 Schröter,
1713 1069 62 23 Gantor.

1465 1082 79 23 Barendorf
1551 1084 26 22 bei
1588 1085 74 23 Harburg,
1674 1088 26 22 Br.
1711 1089 86 24 Hannover.

1331 1099 65 22 Seehrter
1403 1101 36 21 Herr
1451 1102 57 22 Winter!
1528 1103 20 21 Da
1546 1104 25 21 ich
1573 1104 41 22 burch
1623 1106 36 22 Shre
1666 1107 81 23 Gichtketten
1751 1109 44 22 gänge

1316 1118 28 21 lich
1353 1119 28 21 von
1395 1120 117 23 Rheumatismus
1519 1123 28 21 und
1559 1124 70 22 Zaubheit
1632 1126 54 22 geheilt
1690 1128 30 21 und
1727 1129 33 22 dies
1764 1130 28 21 den

1320 1139 49 21 Seuten
1378 1139 35 21 kund
1422 1140 51 21 gethan
1480 1141 43 21 habe,
1527 1142 14 21 jo
1543 1143 33 21 ſind
1577 1143 40 21 schon
1621 1145 14 21 ſo
1642 1145 38 22 viele
1689 1147 46 22 Netten
1736 1148 25 21 bel
1770 1149 26 21 mir

1315 1158 62 21 bestellt,
1378 1159 30 21 daß
1410 1159 23 21 ich
1444 1160 25 21 Sie
1473 1160 25 21 um
1505 1161 17 21 12
1534 1162 36 21 Stk.
1571 1163 17 21 p.
1597 1163 99 23 Boſtvorſchuß
1703 1166 43 22 bitten
1758 1168 30 22 mus

1350 1178 136 23 Hochachtungsvoll

1544 1183 18 21 H.
1574 1183 18 21 J.
1610 1183 51 22 Rener,
1674 1184 105 25 Biebhänbler.

1071 468 4 9 —

1014 1089 85 83 ol

181 1217 59 25 Reinen
257 1213 116 27 langjährigen
389 1210 110 26 Erfahrungen
515 1209 23 24 in
554 1208 31 24 den
608 1207 67 24 Militair
681 1206 118 25 =Bazarethen,
810 1206 52 24 ſowie
885 1205 52 24 meiner
954 1205 88 24 Thätigleit
1056 1206 19 24 in
1095 1206 28 24 den
1143 1206 55 24 beiden
1216 1207 55 24 lezten
1288 1208 86 25 Feldziügen
1390 1210 77 25 verdanke
1480 1212 26 24 ich
1516 1213 26 24 die
1561 1214 86 26 Erfindung
1669 1217 56 25 meiner
1744 1220 53 25 neuen

60 1240 238 33 Gichtableitungs-Apparate.
330 1237 77 26 Dieſelben
424 1235 59 25 werden
497 1233 62 25 überall
569 1233 29 24 als
609 1232 26 24 ein
654 1231 80 25 wirkliches
760 1230 62 24 Wunder
833 1230 101 24 angestaunt.
966 1230 25 24 Die
1006 1230 56 24 meiſten
1075 1230 98 25 Krankheiten
1181 1231 71 25 kommen
1263 1233 95 26 bekanntlich
1372 1235 41 25 aus
1426 1236 44 25 dem
1493 1238 90 26 WMagen;
1593 1241 59 26 durch
1675 1244 117 28 Erkältuns

51 1271 48 26 teidet
113 1267 91 28 derſelbe
218 1265 39 26 und
274 1264 20 25 ſo
311 1261 104 27 entstehen
428 1260 32 25 die
481 1256 143 27 ſogenaunten
648 1255 60 25 Flüfſe
722 1255 38 25 und
778 1254 162 25 schmerzhaften
960 1254 78 24 Leiden,
1059 1254 29 24 wie
1117 1255 54 25 Gicht
1182 1255 32 25 und
1244 1256 181 28 Nheumatismus,
1438 1260 156 29 rheumatische
1617 1265 178 31 Ropfschmerzen,

59 1292 177 31 Zahuschmerzen,
263 1286 183 30 Nervenschwäche
481 1281 207 28 Lugenentzündung,
709 1279 244 26 Hämorrhoidalleiden,
973 1279 100 24 Flechten,
1099 1279 198 26 Schwerhörigkeit,
1330 1282 165 28 Magenkrampf,
1517 1286 100 27 Epilepfie
1631 1290 33 25 und
1686 1292 110 28 Rranipfe.

60 1321 35 25 Daß
114 1318 47 25 gegen
171 1317 41 25 dieje
225 1315 53 25 Leider
294 1313 26 24 oft
327 1312 46 25 teine
380 1310 73 25 ärstliche
473 1309 46 24 Hülje
536 1307 64 24 möglich
608 1307 31 24 ist,
653 1306 67 24 brauche
728 1306 28 24 ich
773 1305 40 24 wohl
820 1305 43 24 nicht
874 1305 31 23 erſt
913 1305 19 23 zu
943 1305 58 24 sagen.
1030 1305 28 24 Der
1075 1305 73 24 Apparat
1155 1306 43 24 kann
1203 1307 19 24 in
1236 1307 28 24 der
1278 1308 67 25 Familie
1353 1309 31 24 von
1398 1310 115 26 verſchiedenen
1532 1313 86 26 Perrſonen
1634 1316 77 26 getragen
1730 1319 71 26 werden,

55 1346 31 25 von
97 1342 58 27 ſchwer
169 1338 88 27 Leidenden
276 1337 11 24 n
297 1336 20 24 er
324 1335 59 25 jedoch
389 1334 53 24 allein
449 1334 23 23 zu
485 1334 103 24 gebrauchen.

183 1363 38 25 Mein
237 1361 71 25 Apparat
321 1360 38 24 heilt
369 1357 88 25 innerliche
471 1357 29 24 wie
516 1355 88 25 äußerliche
620 1354 112 25 rheumatiſche
749 1353 112 24 Krantheiten;
875 1353 58 23 folche,
950 1353 28 23 die
995 1353 28 24 bis
1036 1353 37 24 jest
1084 1354 85 24 unheilbar
1192 1355 58 24 waren,
1273 1356 58 24 werden
1344 1357 46 24 unter
1416 1358 55 25 meiner
1491 1360 76 25 Garantie
1581 1363 49 25 durch
1649 1365 55 25 meinen
1727 1367 74 26 Apparat

54 1393 66 26 geheilt.
155 1390 54 26 Magen
213 1388 54 26 eiden,
283 1386 47 25 deren
357 1384 56 25 Namen
433 1382 84 26 unzählige
534 1381 44 25 find,
595 1378 154 26 rheumatische
784 1377 187 25 Nervenschwäche,
998 1377 181 25 Huterleibsleiden
1202 1378 32 24 und
1275 1379 81 25 Wunden
1382 1381 57 25 werden
1458 1383 90 26 zusehends
1571 1385 51 25 burch
1648 1387 57 26 meinen
1727 1390 75 27 Apparat

58 1419 65 27 geheilt,
136 1417 19 25 da
176 1415 26 25 bie
215 1412 65 26 arösten
300 1408 90 27 Schmerzen
401 1407 47 25 ſchon
461 1405 41 25 beim
519 1404 66 25 Anlegen
598 1403 29 24 des
644 1402 90 25 Apparates
744 1402 124 24 verschwinden.

184 1437 42 25 Das
254 1435 48 25 Blut
325 1433 36 25 wird
377 1432 51 25 durch
445 1430 42 25 diese
503 1428 118 26 elektrische
651 1426 103 25 Heilkraft
770 1426 20 24 in
804 1425 146 25 immerwährende
973 1425 96 24 Circulation
1087 1426 81 25 gebracht;
1185 1427 29 24 das
1231 1427 41 25 alte,
1283 1428 35 25 ſich
1335 1429 94 26 verdickende
1449 1431 48 25 Blut,
1519 1433 63 26 welches
1599 1435 23 25 an
1633 1436 32 25 den
1685 1438 60 26 Nerven
1756 1440 45 26 refr.

73 1467 57 26 nochen
149 1463 75 27 angesent
243 1461 35 25 hat,
301 1459 35 25 wird
353 1457 50 25 durch
420 1455 41 25 dieje
481 1453 99 26 Circulation
596 1452 23 24 in
639 1450 102 25 gefundes
758 1449 105 25 verwandelt,
879 1449 32 24 das
937 1449 38 24 Vlut
992 1449 65 24 sondert
1065 1449 32 24 ſich
1111 1450 32 24 von
1159 1450 29 24 der
1208 1450 53 25 Galle;
1272 1451 35 24 dies
1320 1452 38 25 ſind
1375 1453 53 25 Uebel,
1439 1455 26 24 die
1485 1456 29 25 bis
1527 1457 48 25 heute
1585 1459 32 25 lein
1637 1460 39 25 Arzt
1682 1462 51 26 ficher
1746 1464 51 26 heilen

55 1491 69 27 tonnte;
138 1489 26 25 die
181 1486 84 27 römiſchen
282 1485 20 25 ſo
318 1484 26 25 wie
355 1481 81 26 ruſſiſchen
459 1480 47 25 Bäder
520 1479 69 25 kounten
600 1478 20 24 in
631 1477 38 24 ſehr
686 1476 65 25 wenigen
768 1476 53 24 Fällen
836 1476 29 24 den
878 1476 84 24 Veidenden
982 1476 44 24 Hülfe
1037 1476 93 24 gewähren;
1138 1476 38 24 jezt
1190 1477 23 24 ist
1224 1477 38 24 auch
1273 1478 50 25 dieſes
1340 1479 32 25 von
1392 1480 26 24 mir
1429 1481 51 25 gelöſt
1490 1482 35 25 und
1542 1483 60 26 werden
1627 1486 81 26 Millionen
1722 1489 79 27 Seibende

53 1518 48 27 ihrer
115 1514 67 28 ficheren
204 1509 92 28 Gejundheit
306 1506 73 27 entgegen
393 1503 59 26 gehen.

183 1535 51 26 Durch
257 1532 63 26 mehrere
342 1530 69 26 Berſuche
428 1529 23 24 ist
461 1528 20 24 es
504 1527 26 24 mir
544 1525 87 25 gelungen,
651 1524 62 25 meinem
730 1523 72 25 Apparat
819 1523 38 24 noch
868 1523 38 24 eine
923 1523 65 24 größere
1005 1523 74 24 Heiltraft
1094 1523 26 24 wie
1133 1524 50 24 zuvor
1194 1524 111 25 beizubringen
1325 1526 32 24 und
1371 1527 41 25 habe
1420 1528 26 24 ich
1457 1528 84 26 denſelben
1551 1531 35 25 jest
1603 1532 26 25 mit
1640 1533 54 26 einem
1710 1535 87 27 lupfernen

63 1566 48 26 Resjel
125 1562 85 27 verjehen;
226 1559 69 27 obgleich
312 1557 26 25 mir
349 1555 69 26 dadurch
428 1553 44 25 zwar
484 1551 87 26 bedeutend
585 1550 66 25 größere
665 1548 72 25 Unkoſten
747 1547 96 25 erwachſen,
858 1547 50 24 werde
922 1547 26 24 ich
959 1547 81 24 denſelben
1054 1547 57 24 jedoch
1124 1547 29 24 wie
1161 1548 60 25 früher
1232 1548 29 24 bei
1274 1549 91 26 Entnahme
1379 1551 32 25 von
1431 1552 51 25 einem
1501 1554 26 25 mit
1544 1555 11 24 6
1587 1556 23 25 l.,
1627 1557 11 24 2
1664 1559 60 26 Stück
1737 1561 11 24 9
1783 1563 22 25 I.

60 1591 70 27 dagegen
149 1589 26 25 bet
202 1585 69 27 bnahme
282 1583 32 25 von
328 1583 11 24 5
365 1580 57 26 Stück
432 1578 75 26 diejelben
521 1577 23 25 zu
561 1576 26 25 15
610 1575 29 25 Il.
650 1573 78 25 abgeben.
758 1572 69 25 Bemerke
838 1572 47 24 noch,
896 1572 32 24 daß
939 1572 26 24 bei
985 1572 139 25 Schwerleidenden
1139 1572 11 24 2
1163 1573 78 25 Apparate
1252 1574 20 24 zu
1283 1574 60 25 tragen
1350 1575 48 25 ſind,
1406 1577 29 25 der
1445 1577 39 25 eine
1495 1579 26 25 bei
1534 1580 48 25 Tage,
1593 1582 30 25 der
1633 1583 60 26 andere
1706 1586 27 25 bei
1749 1587 54 26 Macht.

183 1609 45 26 Neder
245 1606 69 27 Apparat
322 1604 23 25 iſt
362 1603 26 25 mit
403 1601 64 26 meinem
486 1599 160 26 Schuzmarkftempel
657 1599 84 24 verſehen.

179 1632 84 26 Beidende,
270 1631 26 25 die
313 1630 50 25 durch
380 1628 50 25 dieſen
450 1626 77 25 wichtigen
544 1624 71 25 Upparat
626 1623 41 24 ihre
687 1622 92 25 Gejundheit
793 1622 56 24 wieder
860 1621 71 24 erhalten
951 1621 59 24 haben,
1018 1621 77 24 brauchen
1109 1622 80 24 denielben
1203 1622 41 24 nicht
1261 1623 41 24 mehr
1312 1624 20 24 zu
1343 1624 68 25 tragen,
1418 1625 26 24 im
1470 1626 53 25 Winter
1531 1628 23 24 iſt
1564 1629 20 24 er
1591 1629 56 25 jedoch
1661 1631 26 25 am
1707 1633 41 25 Tage
1764 1635 40 25 um-

58 1662 97 28 zuhängen,
159 1661 23 25 da
193 1658 69 26 daburch
269 1656 26 25 die
299 1655 54 26 lalten
367 1653 41 25 Füße
415 1650 87 26 vermieden
516 1649 69 25 werden.
614 1648 29 24 Der
656 1646 68 25 Apparat
733 1645 84 25 beschwert
824 1645 41 24 nicht
873 1645 41 24 beim
928 1645 56 24 Tragen
995 1645 32 24 und
1032 1645 26 24 iſt
1062 1645 68 24 derfelbe
1138 1646 50 24 daher
1199 1646 53 25 ohne
1260 1647 44 25 jede
1327 1648 160 27 Berufsſtörung
1498 1652 127 28 anzuwenden.!
1651 1656 32 25 Fikr
1699 1658 106 28 Denjenigen,

61 1689 29 25 der
113 1686 57 26 meinen
186 1682 72 26 Apparat
274 1680 38 25 noch
326 1679 41 25 nicht
384 1676 84 26 gebraucht
487 1675 35 25 hat,
539 1673 38 25 gebe
591 1673 26 24 ich
633 1672 38 24 eine
685 1671 47 24 kurze
755 1670 117 25 Beschreibung.
904 1669 68 24 Derſelbe
986 1669 22 24 iſt
1025 1669 26 24 wie
1068 1669 35 24 eine
1123 1670 44 24 Uhr,
1183 1670 29 24 die
1220 1670 111 25 fortwährend
1347 1672 20 24 in
1396 1673 87 26 Bewegung
1499 1675 32 25 ist;
1548 1677 29 25 der
1594 1678 72 26 Apparat
1679 1681 23 25 ist
1721 1682 45 25 nicht
1779 1684 23 25 in

67 1711 93 27 Thätigkeit,
183 1709 41 25 wenn
235 1708 20 25 er
266 1706 44 25 nicht
320 1705 26 25 om
363 1703 56 25 körper
436 1700 75 26 angelegt
534 1699 47 25 wird,
595 1698 44 25 dann
656 1696 96 25 entſtrömen
769 1695 86 25 demſelben
872 1695 29 24 die
921 1695 56 24 Fliijſe,
994 1695 26 24 die
1037 1695 20 24 er
1073 1695 32 24 von
1122 1695 35 24 dem
1174 1695 59 24 Rörper
1247 1696 96 25 empfangen
1363 1697 35 24 hat.
1430 1698 41 25 Beim
1490 1699 66 25 Anlegen
1576 1701 38 25 wird
1628 1702 32 25 das
1682 1704 39 25 Vlut
1731 1705 23 25 in
1774 1707 29 25 Pe-

67 1736 66 27 wegung
147 1732 81 27 gebracht:
248 1729 84 27 Blutarme
342 1727 32 25 urd
400 1724 130 27 Magenleidende,
544 1723 29 24 die
584 1722 26 24 an
626 1721 68 25 kalten
718 1720 65 25 Füßen
797 1719 38 24 und
855 1719 65 24 kalten
944 1719 81 24 Händen
1029 1719 62 24 leiden,
1099 1719 62 24 können
1173 1720 35 24 jest
1218 1720 56 25 sagen,
1289 1721 29 24 daß
1331 1722 32 24 das
1374 1722 57 25 läſtige
1444 1724 32 25 und
1487 1725 84 26 kinſtliche
1588 1727 106 27 Fußwärmen
1707 1731 36 25 ſein
1761 1733 42 25 Ende

64 1761 48 26 burch
125 1758 42 26 dieje
180 1755 69 26 wichtige
266 1752 87 27 Erfindung
370 1750 60 26 rreicht
440 1749 38 25 hat.
498 1747 56 25 Ferner
565 1746 29 24 hat
605 1745 26 24 die
648 1744 87 25 Erfindung
748 1743 32 24 das
791 1743 90 25 erfreuliche
901 1742 68 24 Rejultat
977 1742 74 24 ergeben,
1063 1742 32 24 daß
1106 1743 41 24 auch
1157 1743 32 24 den
1200 1743 59 25 kleinen
1273 1744 75 25 Rindern,
1359 1746 26 24 die
1395 1746 23 24 an
1438 1747 182 29 Zahukrämpfen,
1630 1752 173 30 rheumatischen

72 1783 100 28 Slechten,
198 1778 110 28 Lusschlag
330 1776 32 25 und
380 1774 60 26 andern
460 1771 91 26 erbliche
592 1768 134 26 Nraukheiten
743 1768 63 25 leiden,
820 1767 47 24 durch
894 1767 53 24 meinen
968 1767 69 24 Apparat
1054 1767 72 24 geholfen
1150 1767 45 24 wird.
1230 1768 26 24 Ich
1264 1768 39 25 lege
1316 1769 23 24 es
1350 1770 42 25 allen
1412 1771 51 25 Eltern
1476 1772 79 26 dringend
1566 1774 36 25 ans
1621 1776 48 26 Herz,
1673 1778 36 25 ſich
1726 1779 30 25 fir
1766 1781 41 26 ihre

62 1809 54 26 lieben
133 1806 60 26 Nleinen
206 1804 48 26 einen
274 1798 216 30 Gichtableitungs-Apparat
501 1795 106 26 anzuſchaffen
648 1794 69 25 Derſelbe
725 1793 44 24 leitet
786 1793 26 24 bei
826 1792 65 24 Rindern
912 1792 29 24 den
955 1792 56 24 ganzen
1025 1792 124 24 rheumatiſchen
1166 1792 38 24 Fluß
1215 1793 20 24 in
1252 1793 44 25 einer
1316 1794 48 25 Macht
1375 1795 20 24 ab
1408 1795 32 25 und
1451 1796 54 25 erſezt
1516 1797 26 25 die
1562 1799 48 25 Stelle
1620 1800 48 25 eines
1687 1802 120 28 Zahnhals-

69 1830 125 29 bändchens.
244 1827 23 25 an
278 1826 35 25 lege
327 1824 29 25 den
376 1822 66 26 Apparat
456 1821 26 25 bei
496 1820 66 25 Rindern
573 1819 26 25 im
623 1818 35 25 lter
669 1817 32 25 von
715 1817 10 24 4
752 1816 69 25 Monaten
835 1816 29 24 bis
878 1816 10 24 4
906 1815 60 24 Bahren
983 1815 32 24 alle
1035 1815 47 24 Woche
1093 1816 63 24 einmal
1167 1816 20 24 an
1201 1816 32 24 nnd
1247 1817 26 24 die
1287 1817 54 25 Eltern
1358 1818 60 25 werden
1428 1820 26 25 die
1475 1820 51 25 große
1539 1822 60 26 Freude
1610 1824 76 26 erleben,
1693 1826 39 25 ihre
1739 1827 64 26 kieinen

67 1856 80 27 dieblinge
161 1854 32 25 von
212 1852 41 25 allen
270 1850 62 26 innern
351 1846 98 26 Schmerzen,
466 1845 26 24 die
502 1844 32 24 das
550 1842 65 25 Zahnen
629 1841 98 25 verursacht,
737 1840 83 24 verſchont
828 1839 22 24 3u
861 1839 55 24 ſehen.
943 1839 40 24 Yuch
991 1839 22 24 iſt
1024 1839 19 24 es
1060 1839 47 24 meine
1118 1839 38 24 feſte
1172 1840 125 25 Ueberzeugung,
1308 1841 32 24 daß
1350 1842 26 24 ein
1392 1843 50 25 Rind,
1449 1844 38 24 dem
1510 1845 35 24 mein
1567 1847 138 28 Gichtableitungs
1712 1851 11 24 -
1736 1852 71 26 Apparat

67 1881 74 26 angelegt
160 1878 47 25 wird,
220 1875 79 26 ebenjalls
316 1874 25 24 im
352 1872 73 25 ſpäteren
448 1871 34 24 Wter
496 1870 31 24 von
541 1869 40 24 allen
594 1867 121 25 rheumatiſchen
732 1866 52 24 Leiden
798 1866 82 24 verſchont
891 1865 58 24 bleiben
969 1865 43 23 wird,
1023 1865 19 23 da
1056 1865 28 24 der
1100 1865 40 24 Reim
1154 1866 28 24 des
1202 1866 58 24 Fluſſes
1274 1867 46 24 durch
1343 1868 55 24 meinen
1418 1869 70 25 Apparat
1505 1871 86 25 abgeleitet
1612 1873 47 25 wird.
1690 1875 35 24 Das
1747 1877 60 25 Rähere

64 1906 44 26 lehrt
119 1904 26 25 die
165 1897 182 30 Gebrauchsanweisung

194 1925 38 25 Mein
258 1921 116 27 Wärmeableiter
390 1919 44 25 leitet
450 1918 32 24 den
498 1915 125 26 entſtrömenden
640 1915 37 24 Fluß
697 1914 37 24 nach
745 1914 34 24 dem
799 1913 73 24 Apparat,
881 1913 31 24 und
923 1913 22 24 iſt
962 1913 67 24 derſelbe
1037 1913 19 24 ſo
1067 1913 94 24 konſtruirt,
1169 1913 31 24 das
1212 1914 19 24 er
1245 1914 25 24 im
1290 1915 68 25 Apparat
1368 1916 122 26 aufgenommen
1506 1918 38 24 wird
1557 1920 32 24 und
1602 1921 38 25 nach
1660 1922 86 26 Ablegung,
1756 1925 20 24 d.
1789 1927 18 24 h.

65 1954 53 26 ſobald
132 1953 26 25 der
174 1950 68 26 Apparat
250 1948 35 25 falt
299 1946 47 25 wird,
353 1944 65 25 entleert
426 1944 20 24 er
453 1943 32 24 ſich
496 1942 32 24 des
538 1939 141 26 aufgenommenen
690 1938 119 25 rheumatiſchen
832 1937 65 24 Stoffes.
923 1937 47 24 Geder
992 1937 34 24 wird
1035 1937 77 24 ſtaunen,
1120 1937 47 24 einen
1174 1937 62 24 ſvlchen
1256 1938 159 26 Ableitungsapparat
1422 1940 32 24 für
1465 1941 47 25 einen
1519 1942 20 24 ſo
1552 1943 65 25 billigen
1637 1945 44 25 Breis
1692 1946 23 24 3u
1725 1947 82 26 erhalten.

77 1978 50 26 Würde
138 1976 26 25 ich
180 1974 44 25 meine
241 1971 86 26 Erfinduug
338 1970 38 25 dazu
386 1968 86 26 ausnuzen
493 1966 59 25 wollen,
562 1965 26 24 um
602 1964 29 24 den
644 1963 83 25 Veidenden
741 1963 37 24 noch
786 1962 34 24 ſein
835 1962 53 24 Beztes
899 1961 116 24 abzunehmen,
1020 1961 19 24 ſo
1059 1961 50 24 önnte
1117 1962 26 24 ich
1153 1962 29 24 den
1201 1962 68 24 Apparat
1289 1963 11 24 n
1319 1963 62 25 mehrere
1398 1964 53 25 Theile
1465 1966 71 25 zerlegen
1549 1967 32 24 und
1595 1968 17 24 3.
1631 1969 20 24 B.
1661 1970 20 24 1.
1692 1971 47 25 einen
1755 1973 52 25 Fluß-

67 1999 161 30 ableitungswärmer
239 1996 88 27 herstellen,
331 1995 20 25 2.
353 1994 29 25 für
393 1993 41 25 leine
445 1991 57 25 Rinder
509 1990 44 25 einen
568 1987 198 27 Zahnhalsbandableiter.
789 1986 29 24 Ich
825 1986 38 24 habe
872 1986 38 24 aber
921 1985 26 24 die
954 1985 47 24 große
1019 1985 72 24 Heilkraft
1098 1986 75 24 vereinigt
1181 1986 32 24 und
1221 1986 23 24 ist
1249 1987 26 24 ein
1292 1987 213 28 Gichtableitungs=Apparat
1512 1991 91 26 gentgend,
1607 1993 20 25 in
1638 1994 45 25 etner
1696 1996 66 26 Familie
1770 1998 33 25 alle

67 2027 51 26 burch
135 2022 130 28 Rheumatismus
275 2018 109 27 entſtehenden
401 2017 44 25 Uebel
453 2016 23 24 zu
487 2014 90 26 beseitigen.
603 2013 29 24 Ich
643 2012 69 25 bemerke
725 2011 47 24 noch,
783 2011 32 24 ſoll
826 2011 38 24 eine
875 2010 78 24 dauernde
967 2010 32 24 und
1004 2010 68 24 ſchnelle
1086 2010 38 24 Hilfe
1132 2011 29 24 bei
1166 2011 32 24 den
1202 2011 59 25 schwer
1276 2012 84 25 Leidenden
1368 2013 87 25 eintreten,
1462 2015 20 24 ſo
1496 2015 35 25 find
1548 2017 11 24 2
1575 2017 81 26 Apparate
1664 2019 23 25 zu
1701 2021 107 27 gebrauchen.

70 2052 30 25 der
107 2050 36 25 eine
150 2049 29 25 des
197 2047 63 26 Rachts,
270 2045 26 25 der
310 2044 57 26 andere
378 2043 29 25 am
430 2041 41 25 Tage
480 2040 69 25 schwere
557 2038 54 25 Leiden
621 2038 35 25 find
670 2037 32 24 alle
713 2036 152 25 vheumatische
898 2035 143 24 Magenleiden,
1061 2035 210 25 Lugenentzündung,
1295 2037 198 27 Schwerhörigkeit,
1510 2040 57 25 Gicht
1577 2042 39 25 und
1633 2043 45 25 alte
1713 2045 96 27 Wunden.

77 2076 29 25 Bei
113 2074 47 25 einer
168 2072 65 26 totalea
251 2068 111 27 Berkrüppelun
382 2067 62 25 jedoch,
461 2066 20 24 wo
495 2065 29 24 der
540 2064 38 25 Nerv
589 2062 102 25 abgeſtorben
702 2062 29 24 ist,
739 2062 41 24 kann
800 2061 35 24 mein
855 2061 69 24 Apparat
931 2060 148 24 ſelbſtverſtändlich
1093 2060 42 24 nicht
1145 2061 60 24 helfen.

199 2095 44 25 Meine
260 2093 68 26 Lufgabe
336 2092 29 24 ſou
378 2091 20 24 es
409 2090 44 25 jein,
466 2089 26 24 die
509 2088 47 25 unter
575 2087 86 25 Gichtfetten
681 2086 38 24 oder
733 2085 44 24 fonſt
791 2085 68 24 ähnliche
875 2084 92 24 Heiſmittel,
982 2084 25 24 die
1021 2084 34 24 dem
1069 2084 83 24 Leidenden
1175 2085 31 24 nur
1227 2085 32 24 Geld
1275 2085 62 24 koſten,
1351 2086 26 24 wie
1384 2087 26 24 ſie
1424 2087 32 24 von
1466 2088 50 25 einem
1542 2090 62 25 Herru
1630 2091 23 24 G.
1684 2093 71 26 Wiuter
1769 2095 35 25 und

82 2129 20 25 I.
122 2127 20 25 C.
162 2125 38 26 Ch.
221 2121 97 28 Schwarz
329 2120 20 25 in
373 2117 78 26 Berlin,
466 2115 51 25 welche
534 2113 91 26 Nachahmer
642 2112 57 25 meines
719 2110 82 25 Geſchäftes
809 2110 45 25 ſind,
861 2109 88 25 angeboten
967 2109 64 24 werden,
1041 2109 67 24 gänzlich
1118 2109 20 24 zu
1152 2109 98 25 verbannen,
1257 2110 33 25 und
1301 2110 49 25 zahle
1356 2111 98 26 demjenigen

839 2133 85 32 1000
962 2134 74 31 Mark

1084 2137 11 28 7

1126 2138 9 26 E

70 2181 29 25 der
116 2179 26 25 mir
159 2176 90 27 nachweiſt,
262 2174 29 25 daß
305 2172 78 26 genannte
400 2170 56 25 Herren
467 2169 44 25 nicht
528 2166 90 26 Machahmer
634 2165 56 25 meines
710 2164 74 25 Geſchäfts
796 2164 44 24 find.
863 2163 28 24 Um
908 2163 32 24 nun
960 2163 44 24 meine
1021 2163 74 24 Apparate
1109 2163 62 24 überall
1179 2164 111 25 einzufiühren,
1304 2165 38 24 habe
1350 2166 35 24 ich,
1396 2166 35 24 dem
1453 2168 66 25 Wunſche
1530 2169 32 25 des
1578 2170 90 26 Publikums
1682 2173 131 28 nachkommend,

69 2203 75 27 diejelben
158 2202 29 25 auj
198 2200 29 25 den
238 2199 17 25 ſo
269 2197 78 26 niedrigen
367 2195 44 25 Preis
428 2192 133 27 heruntergeſekt,
575 2191 32 25 daß
621 2190 32 25 ſich
670 2189 81 25 denſelben
762 2188 41 24 jeder
823 2188 38 24 ganz
872 2187 44 24 arme
940 2187 44 24 Mann
1001 2187 87 24 anſchaffen
1105 2187 53 24 kann;
1169 2188 29 24 der
1215 2188 44 24 Breis
1282 2189 29 24 war
1328 2189 57 25 früher
1402 2190 29 24 pro
1451 2191 45 25 Stitck
1506 2192 11 24 7
1534 2193 32 25 St.,
1580 2194 36 25 jezt
1632 2195 26 25 mit
1681 2196 131 28 Wärmeableiter,

77 2228 26 25 wie
113 2225 66 26 derſelbe
190 2224 29 25 ijt,
230 2223 11 24 6
257 2222 32 25 Fl.,
303 2221 26 25 mit
337 2219 47 25 allem
405 2217 72 26 Zubehör
487 2217 11 24 2
521 2216 44 25 Stück
576 2215 10 24 9
613 2215 17 24 l.
641 2214 32 24 und
683 2214 26 24 bei
726 2213 87 25 mindestens
828 2212 10 24 5
861 2212 44 24 Stüc
916 2212 29 24 pro
965 2212 41 24 Stüc
1021 2212 10 24 3
1051 2212 32 24 Fl.,
1091 2212 32 24 alſo
1137 2212 10 24 5
1171 2212 41 24 Stüď
1226 2213 20 24 15
1266 2213 32 24 Fl.;
1312 2214 41 24 dieje
1364 2214 51 25 große
1431 2215 118 26 Begünſtigung
1560 2217 57 25 dauert
1627 2219 131 27 unwiderruſlich
1768 2223 45 25 fort.

78 2253 23 25 Da
118 2251 29 25 mir
158 2250 29 25 pro
207 2248 45 25 Stück
262 2246 42 25 ohne
315 2245 26 25 die
351 2243 84 26 Erfindung
449 2242 20 24 u.
471 2241 17 24 j.
495 2241 20 24 w.
517 2240 47 25 jelbſt
569 2240 11 24 3
593 2239 26 24 Fl.
624 2238 53 25 koſtet,
685 2237 32 24 was
728 2237 26 24 ein
765 2236 47 24 Seder
814 2236 47 24 jelbſt
863 2236 65 24 ſchäzen
940 2236 44 24 wird,
986 2236 20 24 ſo
1013 2236 41 24 hoffe
1056 2236 32 24 ich,
1093 2236 32 24 daß
1136 2236 35 24 mein
1185 2236 66 25 Apparat
1252 2237 20 24 in
1277 2237 54 25 jedem
1344 2238 35 25 Orte
1390 2239 69 25 Eingang
1464 2240 57 25 finden
1528 2241 32 25 und
1568 2242 118 27 unentbehrlich
1699 2246 57 26 werden
1767 2248 48 26 wird.

77 2276 27 25 Ich
114 2273 79 27 bekomme
201 2273 20 25 in
238 2271 51 26 jedem
306 2269 51 26 Bahre
371 2267 51 25 viele
440 2265 101 26 tauſende
567 2262 159 27 Daukschreiben
744 2262 32 25 von
799 2261 82 25 Genejenen
902 2261 32 24 und
945 2261 35 24 find
998 2261 48 24 meine
1057 2261 110 25 ſämmtlichen
1184 2261 135 25 veröffentlichten
1336 2263 203 27 Anerkennungsschreiben
1550 2266 33 25 von
1596 2267 27 25 det
1636 2268 107 27 betreffenden
1764 2271 52 26 Srts-

73 2300 69 26 behörde
165 2298 26 25 mit
204 2294 108 27 Amtsſtempel
332 2291 111 27 unterzeichnet
460 2290 32 25 und
506 2289 59 25 glaube
573 2288 35 24 ich,
622 2287 32 24 daß
665 2287 32 24 das
707 2286 32 24 für
750 2286 26 24 die
799 2285 74 24 Wahrheit
884 2285 59 24 bürgt;
951 2285 25 24 ich
988 2285 68 24 bemerke
1070 2285 44 24 noch,
1125 2285 32 24 daß
1167 2286 41 24 diese
1225 2286 87 25 Erfindung
1332 2287 26 24 mit
1368 2288 35 24 dem
1429 2289 123 26 Wärmeableiter
1563 2292 32 25 erſt
1603 2293 32 25 ſeit
1645 2294 54 25 einem
1715 2296 51 25 Bahre
1779 2298 32 25 von

78 2326 26 25 mir
115 2323 81 26 erfunden
203 2322 32 25 ist;
246 2321 20 24 es
282 2319 38 25 wird
334 2317 59 25 überall
407 2316 65 25 freudig
489 2313 96 26 anerkannt,
602 2313 32 24 daß
644 2312 26 24 ich
687 2312 44 24 meine
748 2311 86 24 Erfindung
854 2310 41 24 nicht
912 2310 28 24 um
957 2310 28 24 des
1006 2310 56 24 Geldes
1085 2310 50 24 wegen
1155 2311 83 24 verbreite,
1252 2311 68 25 sondern
1340 2313 29 24 mir
1383 2313 26 24 die
1428 2314 56 25 größte
1513 2315 44 25 Mithe
1574 2317 41 25 gebe
1632 2318 29 25 den
1687 2320 84 26 seidenden
1790 2323 20 24 zu

77 2349 57 26 Helfen.
163 2345 106 27 Hinreichende
287 2342 113 27 Arbeitskräfte
407 2340 48 25 ſezen
472 2339 36 25 mich
516 2339 23 25 in
550 2338 29 25 den
599 2337 60 25 Stand,
670 2336 33 25 das
723 2335 67 25 Bestellte
800 2335 30 24 am
837 2335 70 25 ſelbigen
927 2334 42 24 Tage
979 2334 106 24 abzusenden.

203 2370 45 25 Hier
261 2366 118 27 empfehlen
401 2364 87 26 wirklich
502 2362 87 26 frühere
606 2360 108 26 Leidende,
722 2359 29 24 die
762 2359 47 24 durch
826 2358 56 24 meinen
899 2358 68 24 Apparat
976 2358 38 24 ihre
1031 2358 93 24 Geſundheit
1141 2358 53 24 wieder
1205 2359 75 25 erhalten
1293 2359 59 25 haben;
1360 2360 50 25 ſollte
1422 2361 69 25 dennoch
1507 2363 93 26 Wistrauen
1614 2365 26 25 bei
1651 2366 66 26 Einigen
1730 2368 81 26 hertſchen

82 2397 32 25 was
124 2396 26 25 ich
164 2394 62 25 Reinem
240 2392 83 26 verdente,
328 2391 20 24 ſo
358 2390 41 25 ſteht
410 2389 20 24 es
446 2388 53 25 Bedem
510 2387 41 24 frei,
559 2387 32 24 fich
602 2386 59 25 vorher
672 2385 29 24 bei
708 2384 66 24 einigen
790 2384 93 24 Lusstellern
897 2383 72 24 brieflich
976 2383 23 24 zu
1009 2383 102 24 erkundigen.

200 2418 50 25 Sollte
267 2416 53 25 dieses
333 2414 38 25 noch
385 2413 41 25 nicht
436 2411 83 25 genügen,
529 2411 20 24 ſo
563 2410 29 24 bin
602 2409 26 24 ich
638 2409 41 24 auch
689 2408 50 24 gerne
750 2407 59 24 bereit,
816 2407 10 24 2
840 2407 28 24 bis
883 2407 10 24 3
910 2407 52 24 Utteſte
979 2407 31 24 von
1031 2407 92 24 Predigern,
1136 2407 77 24 Lehrern,
1230 2408 173 26 Gemeindevorſtehern
1423 2410 38 24 oder
1480 2411 134 26 Bürgermeiftern
1631 2414 59 25 vorher
1700 2416 118 27 einzufenden,

76 2447 53 25 damit
136 2445 32 25 fich
178 2444 29 24 ein
223 2442 47 25 Beder
281 2441 35 25 von
326 2440 29 24 der
371 2437 77 25 Lechtheit
455 2436 49 25 felbſt
515 2434 94 25 überzeugt;
617 2433 43 24 ſtellt
671 2433 19 24 es
698 2432 34 24 jich
746 2431 67 24 heraus,
824 2431 31 24 daß
866 2431 25 24 ein
911 2431 43 24 Ittest
965 2431 73 24 gefälſcht
1049 2431 37 24 oder
1097 2431 25 24 ich
1136 2431 43 24 hätte
1193 2431 25 24 um
1232 2432 25 24 ein
1268 2432 64 24 solches
1343 2433 74 25 gebeten,
1433 2434 134 26 Berſprechungen
1583 2437 80 25 gemacht,
1670 2440 41 25 oder
1721 2441 26 24 ich
1757 2442 59 25 stände

83 2469 26 25 mit
116 2468 54 26 einem
186 2465 84 26 Lussteller
278 2464 20 24 in
309 2460 160 27 freundſchaftlichem
489 2459 72 25 Verlehr,
568 2458 38 24 oder
617 2458 20 24 es
645 2457 26 24 sei
681 2457 26 24 ein
730 2456 108 25 Verwandter,
859 2456 96 24 Demjenigen
966 2456 47 24 zahle
1021 2456 29 24 ich
1057 2456 53 24 ſofort
1130 2456 84 24 15,000
1253 2457 62 25 Mark.
1347 2458 32 24 Ich
1402 2459 53 25 habe
1475 2460 23 24 zu
1518 2461 75 25 diefem
1613 2463 69 26 Zweck
1701 2465 32 25 die
1753 2466 63 26 ange=

81 2493 73 27 zebene
177 2490 83 27 Sumnie
271 2489 23 25 in
308 2487 36 25 der
361 2485 86 26 hiefigen
470 2483 111 26 Sparkafse
598 2482 124 25 hinterlegt.

204 2515 50 25 Durch
261 2514 41 25 dieſe
312 2512 47 25 reelle
375 2509 140 27 Handlungsweise
528 2508 40 24 Hoffe
579 2507 25 24 ich
615 2507 28 24 den
657 2506 55 24 alten,
720 2505 40 24 ganz
771 2504 76 24 früheren
867 2504 67 24 Glauben
954 2504 52 24 wieder
1020 2504 106 24 herzuſtellen.
1155 2504 25 24 Ich
1194 2504 37 24 bitte
1242 2505 82 24 außerdem
1335 2505 46 24 jeden
1398 2506 37 24 nach
1455 2507 58 24 Stettin
1524 2508 103 26 kommenden
1644 2511 83 26 Fremden,
1734 2513 35 24 ſich
1782 2515 35 24 von

82 2543 56 26 meinen
143 2541 53 25 vielen
198 2539 86 26 taujenden
298 2536 62 25 Atteſten
364 2536 20 24 zu
392 2533 104 26 überzeugen.
513 2532 32 24 Bon
552 2532 29 24 den
592 2531 47 24 vielen
649 2530 32 24 von
689 2529 65 24 anderer
771 2529 40 24 Seite
813 2528 119 24 angeprieſenen
946 2528 86 24 Gichtketten
1040 2528 19 24 u.
1059 2528 19 24 j.
1086 2528 19 24 w.
1110 2528 62 24 besizen
1180 2528 41 24 nicht
1225 2529 41 24 zehn
1271 2529 89 25 zuſammen
1364 2530 20 24 ſo
1392 2530 32 24 viel
1434 2531 80 25 Heilkraft,
1525 2533 26 24 wie
1555 2533 26 24 ein
1586 2534 71 25 einziger
1667 2536 56 25 meiner
1734 2537 85 26 Apparate.

203 2563 26 25 Bei
239 2561 93 26 vorheriger
347 2558 108 26 Einzahlung,
466 2558 32 25 daß
512 2557 41 25 heißt
564 2556 47 25 burch
631 2554 136 26 Boſtanweifung,
775 2553 84 25 überſende
870 2553 26 24 ich
907 2553 26 24 die
946 2552 38 24 Rifte
1001 2552 26 24 mit
1044 2552 84 24 Apperaten
1139 2552 66 24 franko,
1216 2552 26 24 bei
1261 2552 96 24 Nachnahme
1369 2552 100 25 unfrankirt.

203 2588 23 24 Da
239 2587 26 25 der
285 2585 50 25 Raum
349 2585 20 24 zu
382 2583 56 25 beengt
446 2582 32 24 ist,
483 2582 20 24 ſo
513 2581 50 25 führe
562 2581 11 24 i
580 2580 17 24 ch
608 2580 41 24 noch
656 2579 53 24 einige
726 2578 83 25 Husfteller
821 2578 29 24 der
867 2577 53 24 Attejte
931 2577 32 24 und
985 2577 117 24 Dantschreiben
1116 2577 32 24 an,
1159 2577 25 24 die
1196 2577 38 24 zum
1250 2578 108 25 wiederholten
1384 2579 38 24 Male
1430 2580 35 24 ſich
1482 2580 78 25 Apparate
1567 2582 32 24 fur
1609 2583 38 25 ihre
1670 2584 81 26 Gemeinde
1765 2586 50 25 haben

75 2615 72 26 tommen
158 2613 63 26 laffen,
228 2612 35 25 und
280 2610 78 26 wünſchen
368 2608 75 26 dieſelben
454 2607 38 25 ihre
512 2606 56 25 Namen
579 2604 123 26 verëffentlicht,
704 2603 59 25 iudem
774 2603 22 24 ſie
814 2602 28 24 mir
854 2602 41 24 dazu
905 2602 65 24 gefandt
982 2602 71 24 wurden.
1088 2602 26 24 Wer
1128 2602 65 24 wünſcht
1201 2602 50 24 nicht,
1256 2602 32 24 daß
1293 2603 44 24 ſeine
1357 2603 105 25 Mitmenſchen
1470 2605 32 24 von
1512 2605 47 25 ihren
1573 2607 26 24 oft
1607 2607 78 25 ſchweren
1698 2609 54 25 Yelden
1759 2611 60 25 befreit

1231 2625 112 24 Achtungsvoll

85 2641 57 27 werden
153 2640 32 26 und
200 2637 57 26 glaube
266 2636 36 25 ich,
312 2635 29 25 daß
356 2634 23 25 die
399 2632 58 26 Namen
465 2631 33 25 für
509 2631 27 25 die
549 2629 77 25 Nechtheit
642 2629 55 25 meiner
714 2628 77 25 Apparate
801 2628 71 24 bürgen.

95 2693 111 44 Stettin,
232 2687 131 43 Oberwiek
394 2686 48 39 Nr.
458 2685 49 39 22.

1095 2656 125 33 Adolph
1273 2656 124 34 Winter,
1416 2657 137 35 Fabrikheſiser.

847 2693 52 27 Erſter
913 2692 35 27 und
964 2691 92 27 alleiniger
1074 2691 79 26 Erfinder
1164 2691 32 26 der
1207 2691 108 27 verbesferten
1341 2692 138 28 Gichtapparate,
1508 2695 98 29 Stettin,
1628 2698 85 29 Dberwiel
1731 2701 37 27 22,

1132 2720 57 26 früher
1210 2720 63 26 Verlin,
1286 2719 139 26 Invalibenftraße
1436 2719 47 26 159.
